<?xml version="1.0" encoding="UTF-8"?>
<!DOCTYPE html PUBLIC "-//W3C//DTD XHTML 1.0 Transitional//EN"
    "http://www.w3.org/TR/xhtml1/DTD/xhtml1-transitional.dtd">
<html xmlns="http://www.w3.org/1999/xhtml" xml:lang="en" lang="en">
 <head>
  <title>
</title>
<meta http-equiv="Content-Type" content="text/html;charset=utf-8" />
  <meta name='ocr-system' content='tesseract 3.04.00' />
  <meta name='ocr-capabilities' content='ocr_page ocr_carea ocr_par ocr_line ocrx_word'/>
</head>
<body>
  <div class='ocr_page' id='page_1' title='image "./grammaticaeroma01funagoog_0360.png"; bbox 0 0 2422 3840; ppageno 0'>
   <div class='ocr_carea' id='block_1_1' title="bbox 455 190 1117 255">
    <p class='ocr_par' dir='ltr' id='par_1_1' title="bbox 455 190 1117 255">
     <span class='ocr_line' id='line_1_1' title="bbox 455 190 1117 255; baseline 0.017 -11"><span class='ocrx_word' id='word_1_1' title='bbox 455 191 493 246; x_wconf 82' lang='lat' dir='ltr'>M.</span> <span class='ocrx_word' id='word_1_2' title='bbox 512 191 659 246; x_wconf 81' lang='lat' dir='ltr'>Terentius</span> <span class='ocrx_word' id='word_1_3' title='bbox 678 192 766 246; x_wconf 91' lang='lat' dir='ltr'>Varro</span> <span class='ocrx_word' id='word_1_4' title='bbox 1052 190 1117 255; x_wconf 75' lang='lat'>325</span> 
     </span>
    </p>
   </div>
   <div class='ocr_carea' id='block_1_2' title="bbox 560 362 653 420">
    <p class='ocr_par' dir='ltr' id='par_1_2' title="bbox 560 362 653 420">
     <span class='ocr_line' id='line_1_2' title="bbox 560 362 653 420; baseline 0.011 -1"><span class='ocrx_word' id='word_1_5' title='bbox 560 362 653 420; x_wconf 96' lang='grc'><em>*311</em></span> 
     </span>
    </p>
   </div>
   <div class='ocr_carea' id='block_1_3' title="bbox 100 467 1143 1082">
    <p class='ocr_par' dir='ltr' id='par_1_3' title="bbox 100 467 1143 992">
     <span class='ocr_line' id='line_1_3' title="bbox 170 467 1117 546; baseline 0.001 -18"><span class='ocrx_word' id='word_1_6' title='bbox 170 467 293 529; x_wconf 80' lang='lat' dir='ltr'>Crassus</span> <span class='ocrx_word' id='word_1_7' title='bbox 315 469 408 529; x_wconf 88' lang='lat' dir='ltr'>Dives</span> <span class='ocrx_word' id='word_1_8' title='bbox 435 469 548 545; x_wconf 87' lang='lat' dir='ltr'>primus</span> <span class='ocrx_word' id='word_1_9' title='bbox 572 470 696 546; x_wconf 84' lang='lat' dir='ltr'>argento</span> <span class='ocrx_word' id='word_1_10' title='bbox 725 487 858 544; x_wconf 90' lang='lat' dir='ltr'>auroque</span> <span class='ocrx_word' id='word_1_11' title='bbox 882 468 957 528; x_wconf 86' lang='lat' dir='ltr'>folia</span> <span class='ocrx_word' id='word_1_12' title='bbox 982 468 1117 529; x_wconf 87' lang='lat' dir='ltr'>imitatus</span> 
     </span>
     <span class='ocr_line' id='line_1_4' title="bbox 101 557 1117 634; baseline 0 -18"><span class='ocrx_word' id='word_1_13' title='bbox 101 557 182 617; x_wconf 90' lang='lat' dir='ltr'>ludis</span> <span class='ocrx_word' id='word_1_14' title='bbox 205 559 267 618; x_wconf 90' lang='lat' dir='ltr'>suis</span> <span class='ocrx_word' id='word_1_15' title='bbox 291 576 414 618; x_wconf 87' lang='lat' dir='ltr'>coronas</span> <span class='ocrx_word' id='word_1_16' title='bbox 439 557 529 632; x_wconf 87' lang='lat' dir='ltr'>dedit,</span> <span class='ocrx_word' id='word_1_17' title='bbox 553 561 798 633; x_wconf 78' lang='lat' dir='ltr'>accesseruntque</span> <span class='ocrx_word' id='word_1_18' title='bbox 822 560 853 616; x_wconf 88' lang='lat' dir='ltr'>at</span> <span class='ocrx_word' id='word_1_19' title='bbox 874 557 1019 631; x_wconf 81' lang='lat' dir='ltr'>lemnisci,</span> <span class='ocrx_word' id='word_1_20' title='bbox 1042 577 1117 634; x_wconf 89' lang='lat' dir='ltr'>quos</span> 
     </span>
     <span class='ocr_line' id='line_1_5' title="bbox 100 647 1118 724; baseline -0.001 -19"><span class='ocrx_word' id='word_1_21' title='bbox 100 647 180 707; x_wconf 89' lang='lat' dir='ltr'>adici</span> <span class='ocrx_word' id='word_1_22' title='bbox 198 648 331 724; x_wconf 89' lang='lat' dir='ltr'>ipsarum</span> <span class='ocrx_word' id='word_1_23' title='bbox 346 666 523 706; x_wconf 88' lang='lat' dir='ltr'>coronarum</span> <span class='ocrx_word' id='word_1_24' title='bbox 541 648 636 706; x_wconf 91' lang='lat' dir='ltr'>honor</span> <span class='ocrx_word' id='word_1_25' title='bbox 654 650 726 721; x_wconf 87' lang='lat' dir='ltr'>arat,</span> <span class='ocrx_word' id='word_1_26' title='bbox 744 649 868 722; x_wconf 90' lang='lat' dir='ltr'>propter</span> <span class='ocrx_word' id='word_1_27' title='bbox 881 647 1033 721; x_wconf 83' lang='lat' dir='ltr'>Etruscas,</span> <span class='ocrx_word' id='word_1_28' title='bbox 1052 647 1118 723; x_wconf 91' lang='lat' dir='ltr'>qui-</span> 
     </span>
     <span class='ocr_line' id='line_1_6' title="bbox 100 735 1117 814; baseline 0.001 -20"><span class='ocrx_word' id='word_1_29' title='bbox 100 736 157 795; x_wconf 92' lang='lat' dir='ltr'>bus</span> <span class='ocrx_word' id='word_1_30' title='bbox 184 737 270 814; x_wconf 85' lang='lat' dir='ltr'>iungi</span> <span class='ocrx_word' id='word_1_31' title='bbox 297 737 356 796; x_wconf 92' lang='lat' dir='ltr'>nisi</span> <span class='ocrx_word' id='word_1_32' title='bbox 385 738 469 795; x_wconf 86' lang='lat' dir='ltr'>aurei</span> <span class='ocrx_word' id='word_1_33' title='bbox 497 755 557 795; x_wconf 92' lang='lat' dir='ltr'>non</span> <span class='ocrx_word' id='word_1_34' title='bbox 584 735 740 796; x_wconf 87' lang='lat' dir='ltr'>debebant.</span> <span class='ocrx_word' id='word_1_35' title='bbox 786 737 856 810; x_wconf 92' lang='lat' dir='ltr'>puri</span> <span class='ocrx_word' id='word_1_36' title='bbox 883 735 935 794; x_wconf 90' lang='lat' dir='ltr'>diu</span> <span class='ocrx_word' id='word_1_37' title='bbox 962 737 1045 795; x_wconf 87' lang='lat' dir='ltr'>fuere</span> <span class='ocrx_word' id='word_1_38' title='bbox 1072 736 1117 812; x_wconf 79' lang='lat' dir='ltr'>hi3</span> 
     </span>
     <span class='ocr_line' id='line_1_7' title="bbox 100 824 1143 902; baseline 0.001 -18"><span class='ocrx_word' id='word_1_39' title='bbox 100 825 216 886; x_wconf 87' lang='lat' dir='ltr'>caelare</span> <span class='ocrx_word' id='word_1_40' title='bbox 240 845 289 885; x_wconf 87' lang='lat' dir='ltr'>cos</span> <span class='ocrx_word' id='word_1_41' title='bbox 312 828 429 902; x_wconf 88' lang='lat' dir='ltr'>primus</span> <span class='ocrx_word' id='word_1_42' title='bbox 452 826 586 885; x_wconf 78' lang='lat' dir='ltr'>instituit</span> <span class='ocrx_word' id='word_1_43' title='bbox 609 826 640 885; x_wconf 92' lang='lat' dir='ltr'>P.</span> <span class='ocrx_word' id='word_1_44' title='bbox 661 824 802 885; x_wconf 78' lang='lat' dir='ltr'>Claudius</span> <span class='ocrx_word' id='word_1_45' title='bbox 822 825 949 885; x_wconf 87' lang='lat' dir='ltr'>Pulcher</span> <span class='ocrx_word' id='word_1_46' title='bbox 970 825 1143 885; x_wconf 77' lang='lat' dir='ltr'>bratteas-⁶</span> 
     </span>
     <span class='ocr_line' id='line_1_8' title="bbox 101 914 548 992; baseline -0.002 -18"><span class='ocrx_word' id='word_1_47' title='bbox 101 935 158 992; x_wconf 90' lang='lat' dir='ltr'>que</span> <span class='ocrx_word' id='word_1_48' title='bbox 182 916 273 975; x_wconf 83' lang='lat' dir='ltr'>etiam</span> <span class='ocrx_word' id='word_1_49' title='bbox 297 916 434 991; x_wconf 82' lang='lat' dir='ltr'>philyrae</span> <span class='ocrx_word' id='word_1_50' title='bbox 457 914 548 974; x_wconf 88' lang='lat' dir='ltr'>dedit.</span> 
     </span>
    </p>

    <p class='ocr_par' dir='ltr' id='par_1_4' title="bbox 172 1013 1116 1082">
     <span class='ocr_line' id='line_1_9' title="bbox 172 1013 1116 1082; baseline -0.001 -15"><span class='ocrx_word' id='word_1_51' title='bbox 172 1015 247 1068; x_wconf 65' lang='lat' dir='ltr'>Plin.</span> <span class='ocrx_word' id='word_1_52' title='bbox 262 1031 289 1068; x_wconf 68' lang='lat' dir='ltr'>n.</span> <span class='ocrx_word' id='word_1_53' title='bbox 304 1016 329 1067; x_wconf 85' lang='lat' dir='ltr'>b.</span> <span class='ocrx_word' id='word_1_54' title='bbox 344 1019 389 1080; x_wconf 81' lang='lat'>21,</span> <span class='ocrx_word' id='word_1_55' title='bbox 405 1018 422 1068; x_wconf 84' lang='lat'><strong><em>6</em></strong></span> <span class='ocrx_word' id='word_1_56' title='bbox 437 1027 527 1068; x_wconf 76' lang='lat' dir='ltr'>Crassus</span> <span class='ocrx_word' id='word_1_57' title='bbox 543 1046 566 1055; x_wconf 89' lang='lat'>-</span> <span class='ocrx_word' id='word_1_58' title='bbox 582 1028 649 1068; x_wconf 84' lang='lat' dir='ltr'>dedit</span> <span class='ocrx_word' id='word_1_59' title='bbox 677 1015 712 1081; x_wconf 79' lang='lat' dir='ltr'>cf.</span> <span class='ocrx_word' id='word_1_60' title='bbox 730 1016 848 1068; x_wconf 69' lang='lat' dir='ltr'>Militzer</span> <span class='ocrx_word' id='word_1_61' title='bbox 862 1013 928 1067; x_wconf 76' lang='lat' dir='ltr'>ibid.</span> <span class='ocrx_word' id='word_1_62' title='bbox 940 1017 1043 1082; x_wconf 77' lang='lat' dir='ltr'>p.259.</span> <span class='ocrx_word' id='word_1_63' title='bbox 1056 1017 1116 1068; x_wconf 86' lang='lat'>315.</span> 
     </span>
    </p>
   </div>
   <div class='ocr_carea' id='block_1_4' title="bbox 96 1119 1118 1263">
    <p class='ocr_par' dir='ltr' id='par_1_5' title="bbox 96 1119 1118 1263">
     <span class='ocr_line' id='line_1_10' title="bbox 172 1119 1118 1193; baseline 0.001 -20"><span class='ocrx_word' id='word_1_64' title='bbox 172 1126 188 1173; x_wconf 82' lang='lat'>4</span> <span class='ocrx_word' id='word_1_65' title='bbox 206 1120 253 1174; x_wconf 88' lang='lat' dir='ltr'>hia</span> <span class='ocrx_word' id='word_1_66' title='bbox 268 1122 360 1176; x_wconf 74' lang='lat' dir='ltr'>Paris.</span> <span class='ocrx_word' id='word_1_67' title='bbox 376 1121 439 1176; x_wconf 87' lang='lat' dir='ltr'>Lat.</span> <span class='ocrx_word' id='word_1_68' title='bbox 456 1126 529 1176; x_wconf 84' lang='lat'><em>6797</em></span> <span class='ocrx_word' id='word_1_69' title='bbox 555 1121 577 1175; x_wconf 91' lang='lat' dir='ltr'>ii</span> <span class='ocrx_word' id='word_1_70' title='bbox 592 1123 667 1177; x_wconf 71' lang='lat' dir='ltr'>Rrec.</span> <span class='ocrx_word' id='word_1_71' title='bbox 786 1126 801 1173; x_wconf 82' lang='lat'>5</span> <span class='ocrx_word' id='word_1_72' title='bbox 821 1120 863 1193; x_wconf 89' lang='lat' dir='ltr'>P.]</span> <span class='ocrx_word' id='word_1_73' title='bbox 880 1119 907 1174; x_wconf 83' lang='lat' dir='ltr'>C.</span> <span class='ocrx_word' id='word_1_74' title='bbox 924 1122 984 1175; x_wconf 79' lang='lat' dir='ltr'>cult</span> <span class='ocrx_word' id='word_1_75' title='bbox 998 1123 1118 1175; x_wconf 71' lang='lat' dir='ltr'>Mdnrer</span> 
     </span>
     <span class='ocr_line' id='line_1_11' title="bbox 96 1191 756 1263; baseline 0 -17"><span class='ocrx_word' id='word_1_76' title='bbox 96 1209 125 1260; x_wconf 85' lang='lat' dir='ltr'>p.</span> <span class='ocrx_word' id='word_1_77' title='bbox 142 1196 195 1246; x_wconf 82' lang='grc'>145</span> <span class='ocrx_word' id='word_1_78' title='bbox 214 1194 278 1247; x_wconf 80' lang='lat' dir='ltr'>adra.</span> <span class='ocrx_word' id='word_1_79' title='bbox 295 1198 310 1246; x_wconf 91' lang='lat'><strong><em>1</em></strong></span> <span class='ocrx_word' id='word_1_80' title='bbox 382 1191 566 1260; x_wconf 87' lang='lat' dir='ltr'>bracteasque</span> <span class='ocrx_word' id='word_1_81' title='bbox 585 1195 635 1263; x_wconf 82' lang='lat' dir='ltr'>(cel</span> <span class='ocrx_word' id='word_1_82' title='bbox 653 1192 756 1262; x_wconf 69' lang='lat' dir='ltr'>ttius)</span> 
     </span>
    </p>
   </div>
   <div class='ocr_carea' id='block_1_5' title="bbox 168 1344 1114 1529">
    <p class='ocr_par' dir='ltr' id='par_1_6' title="bbox 168 1344 1114 1529">
     <span class='ocr_line' id='line_1_12' title="bbox 558 1344 654 1404; baseline 0.021 -2"><span class='ocrx_word' id='word_1_83' title='bbox 558 1344 577 1386; x_wconf 77' lang='lat'><strong><em>*</em></strong></span> <span class='ocrx_word' id='word_1_84' title='bbox 588 1346 654 1404; x_wconf 78' lang='lat'>312</span> 
     </span>
     <span class='ocr_line' id='line_1_13' title="bbox 168 1441 1114 1529; baseline -0.001 -20"><span class='ocrx_word' id='word_1_85' title='bbox 168 1449 198 1509; x_wconf 80' lang='lat'>0.</span> <span class='ocrx_word' id='word_1_86' title='bbox 213 1449 363 1510; x_wconf 84' lang='lat' dir='ltr'>Antonius</span> <span class='ocrx_word' id='word_1_87' title='bbox 377 1451 464 1512; x_wconf 88' lang='lat' dir='ltr'>ludos</span> <span class='ocrx_word' id='word_1_88' title='bbox 479 1470 585 1510; x_wconf 90' lang='lat' dir='ltr'>scaena</span> <span class='ocrx_word' id='word_1_89' title='bbox 600 1453 742 1529; x_wconf 86' lang='lat' dir='ltr'>argentea</span> <span class='ocrx_word' id='word_1_90' title='bbox 756 1451 836 1526; x_wconf 86' lang='lat' dir='ltr'>iecit,</span> <span class='ocrx_word' id='word_1_91' title='bbox 850 1441 970 1510; x_wconf 67' lang='lat' dir='ltr'>item&#39;L.</span> <span class='ocrx_word' id='word_1_92' title='bbox 983 1451 1114 1509; x_wconf 88' lang='lat' dir='ltr'>Murena.</span> 
     </span>
    </p>
   </div>
   <div class='ocr_carea' id='block_1_6' title="bbox 99 1547 1117 2043">
    <p class='ocr_par' dir='ltr' id='par_1_7' title="bbox 99 1547 1117 2043">
     <span class='ocr_line' id='line_1_14' title="bbox 171 1547 1115 1619; baseline -0.002 -16"><span class='ocrx_word' id='word_1_93' title='bbox 171 1550 440 1616; x_wconf 64' lang='lat' dir='ltr'>Pitanissos</span> <span class='ocrx_word' id='word_1_94' title='bbox 460 1547 573 1615; x_wconf 81' lang='lat' dir='ltr'>Cacsar,</span> <span class='ocrx_word' id='word_1_95' title='bbox 597 1550 646 1618; x_wconf 91' lang='lat' dir='ltr'>qui</span> <span class='ocrx_word' id='word_1_96' title='bbox 664 1553 763 1619; x_wconf 89' lang='lat' dir='ltr'>postca</span> <span class='ocrx_word' id='word_1_97' title='bbox 782 1549 904 1604; x_wconf 86' lang='lat' dir='ltr'>dictator</span> <span class='ocrx_word' id='word_1_98' title='bbox 921 1548 988 1616; x_wconf 83' lang='lat' dir='ltr'>fuit,</span> <span class='ocrx_word' id='word_1_99' title='bbox 1009 1548 1115 1617; x_wconf 89' lang='lat' dir='ltr'>primus</span> 
     </span>
     <span class='ocr_line' id='line_1_15' title="bbox 99 1619 1117 1690; baseline 0 -18"><span class='ocrx_word' id='word_1_100' title='bbox 99 1619 129 1672; x_wconf 92' lang='lat' dir='ltr'>in</span> <span class='ocrx_word' id='word_1_101' title='bbox 158 1619 305 1674; x_wconf 89' lang='lat' dir='ltr'>aedilitate</span> <span class='ocrx_word' id='word_1_102' title='bbox 332 1638 446 1675; x_wconf 89' lang='lat' dir='ltr'>munere</span> <span class='ocrx_word' id='word_1_103' title='bbox 474 1621 563 1688; x_wconf 85' lang='lat' dir='ltr'>patris</span> <span class='ocrx_word' id='word_1_104' title='bbox 590 1620 702 1675; x_wconf 87' lang='lat' dir='ltr'>funebri</span> <span class='ocrx_word' id='word_1_105' title='bbox 730 1621 806 1675; x_wconf 92' lang='lat' dir='ltr'>omni</span> <span class='ocrx_word' id='word_1_106' title='bbox 829 1623 968 1690; x_wconf 88' lang='lat' dir='ltr'>apparatu</span> <span class='ocrx_word' id='word_1_107' title='bbox 994 1620 1117 1673; x_wconf 88' lang='lat' dir='ltr'>harenae</span> 
     </span>
     <span class='ocr_line' id='line_1_16' title="bbox 102 1691 1115 1763; baseline 0.001 -19"><span class='ocrx_word' id='word_1_108' title='bbox 102 1693 234 1760; x_wconf 82' lang='lat' dir='ltr'>argenteo</span> <span class='ocrx_word' id='word_1_109' title='bbox 258 1710 324 1745; x_wconf 91' lang='lat' dir='ltr'>usus</span> <span class='ocrx_word' id='word_1_110' title='bbox 348 1695 403 1760; x_wconf 85' lang='lat' dir='ltr'>est,</span> <span class='ocrx_word' id='word_1_111' title='bbox 429 1692 558 1760; x_wconf 87' lang='lat' dir='ltr'>ferasque</span> <span class='ocrx_word' id='word_1_112' title='bbox 582 1693 668 1745; x_wconf 88' lang='lat' dir='ltr'>etiam</span> <span class='ocrx_word' id='word_1_113' title='bbox 692 1693 832 1763; x_wconf 83' lang='lat' dir='ltr'>argenteis</span> <span class='ocrx_word' id='word_1_114' title='bbox 855 1692 928 1745; x_wconf 88' lang='lat' dir='ltr'>vasis</span> <span class='ocrx_word' id='word_1_115' title='bbox 949 1691 1115 1745; x_wconf 84' lang='lat' dir='ltr'>incessivere</span> 
     </span>
     <span class='ocr_line' id='line_1_17' title="bbox 100 1762 1116 1833; baseline 0 -17"><span class='ocrx_word' id='word_1_116' title='bbox 100 1764 161 1816; x_wconf 84' lang='lat' dir='ltr'>tum</span> <span class='ocrx_word' id='word_1_117' title='bbox 179 1762 301 1830; x_wconf 88' lang='lat' dir='ltr'>primum</span> <span class='ocrx_word' id='word_1_118' title='bbox 319 1764 409 1830; x_wconf 85' lang='lat' dir='ltr'>noxii,</span> <span class='ocrx_word' id='word_1_119' title='bbox 429 1764 504 1832; x_wconf 89' lang='lat' dir='ltr'>quod</span> <span class='ocrx_word' id='word_1_120' title='bbox 523 1764 579 1817; x_wconf 90' lang='lat' dir='ltr'>iam</span> <span class='ocrx_word' id='word_1_121' title='bbox 599 1764 685 1818; x_wconf 87' lang='lat' dir='ltr'>etiam</span> <span class='ocrx_word' id='word_1_122' title='bbox 703 1765 734 1818; x_wconf 94' lang='lat' dir='ltr'>in</span> <span class='ocrx_word' id='word_1_123' title='bbox 752 1763 913 1833; x_wconf 88' lang='lat' dir='ltr'>municipiis</span> <span class='ocrx_word' id='word_1_124' title='bbox 932 1762 1116 1817; x_wconf 87' lang='lat' dir='ltr'>aemulantur.</span> 
     </span>
     <span class='ocr_line' id='line_1_18' title="bbox 100 1835 1116 1906; baseline 0 -19"><span class='ocrx_word' id='word_1_125' title='bbox 100 1846 243 1888; x_wconf 57' lang='lat' dir='ltr'>cummim</span> <span class='ocrx_word' id='word_1_126' title='bbox 254 1866 277 1875; x_wconf 99' lang='lat'>-</span> <span class='ocrx_word' id='word_1_127' title='bbox 288 1849 312 1888; x_wconf 82' lang='lat' dir='ltr'>n.</span> <span class='ocrx_word' id='word_1_128' title='bbox 320 1850 421 1890; x_wconf 73' lang='lat' dir='ltr'>Murena.</span> <span class='ocrx_word' id='word_1_129' title='bbox 449 1837 484 1902; x_wconf 74' lang='lat' dir='ltr'>cl.</span> <span class='ocrx_word' id='word_1_130' title='bbox 499 1836 558 1890; x_wconf 87' lang='lat' dir='ltr'>Val.</span> <span class='ocrx_word' id='word_1_131' title='bbox 571 1837 652 1890; x_wconf 81' lang='lat' dir='ltr'>Maec.</span> <span class='ocrx_word' id='word_1_132' title='bbox 662 1841 689 1901; x_wconf 82' lang='lat'>2,</span> <span class='ocrx_word' id='word_1_133' title='bbox 699 1839 725 1901; x_wconf 80' lang='lat'>4,</span> <span class='ocrx_word' id='word_1_134' title='bbox 736 1841 754 1890; x_wconf 86' lang='lat'><strong><em>6</em></strong></span> <span class='ocrx_word' id='word_1_135' title='bbox 768 1852 852 1903; x_wconf 88' lang='lat' dir='ltr'>quam</span> <span class='ocrx_word' id='word_1_136' title='bbox 862 1837 952 1889; x_wconf 87' lang='lat' dir='ltr'>totam</span> <span class='ocrx_word' id='word_1_137' title='bbox 966 1835 1116 1906; x_wconf 79' lang='lat' dir='ltr'>[scaenam]</span> 
     </span>
     <span class='ocr_line' id='line_1_19' title="bbox 101 1903 1116 2043; baseline 0.001 -85"><span class='ocrx_word' id='word_1_138' title='bbox 101 1903 260 2043; x_wconf 51' lang='lat' dir='ltr'>algeldofo</span> <span class='ocrx_word' id='word_1_139' title='bbox 276 1907 424 1975; x_wconf 82' lang='lat' dir='ltr'>Antonius,</span> <span class='ocrx_word' id='word_1_140' title='bbox 444 1924 511 1961; x_wconf 90' lang='lat' dir='ltr'>auro</span> <span class='ocrx_word' id='word_1_141' title='bbox 526 1906 660 1974; x_wconf 86' lang='lat' dir='ltr'>Petreius,</span> <span class='ocrx_word' id='word_1_142' title='bbox 675 1905 757 1963; x_wconf 89' lang='lat' dir='ltr'>ebore</span> <span class='ocrx_word' id='word_1_143' title='bbox 773 1906 803 1972; x_wconf 80' lang='lat' dir='ltr'>Q.</span> <span class='ocrx_word' id='word_1_144' title='bbox 820 1906 935 1961; x_wconf 81' lang='lat' dir='ltr'>Catulus</span> <span class='ocrx_word' id='word_1_145' title='bbox 949 1906 1116 1975; x_wconf 82' lang='lat' dir='ltr'>praetexuit.</span> 
     </span>
     <span class='ocr_line' id='line_1_20' title="bbox 102 1981 326 2033; baseline 0.009 -2"><span class='ocrx_word' id='word_1_146' title='bbox 102 1993 136 2031; x_wconf 84' lang='lat' dir='ltr'>a.</span> <span class='ocrx_word' id='word_1_147' title='bbox 157 1994 175 2030; x_wconf 83' lang='lat' dir='ltr'>a</span> <span class='ocrx_word' id='word_1_148' title='bbox 226 1994 248 2030; x_wconf 83' lang='lat' dir='ltr'>r.</span> <span class='ocrx_word' id='word_1_149' title='bbox 264 1981 326 2033; x_wconf 87' lang='grc'><em>309.</em></span> 
     </span>
    </p>
   </div>
   <div class='ocr_carea' id='block_1_7' title="bbox 558 2112 654 2170">
    <p class='ocr_par' dir='ltr' id='par_1_8' title="bbox 558 2112 654 2170">
     <span class='ocr_line' id='line_1_21' title="bbox 558 2112 654 2170; baseline -0.01 0"><span class='ocrx_word' id='word_1_150' title='bbox 558 2112 654 2170; x_wconf 87' lang='grc'><em>*313</em></span> 
     </span>
    </p>
   </div>
   <div class='ocr_carea' id='block_1_8' title="bbox 99 2226 1116 2484">
    <p class='ocr_par' dir='ltr' id='par_1_9' title="bbox 99 2226 1116 2484">
     <span class='ocr_line' id='line_1_22' title="bbox 166 2226 1116 2304; baseline 0 -19"><span class='ocrx_word' id='word_1_151' title='bbox 166 2227 273 2286; x_wconf 88' lang='lat' dir='ltr'>habuit</span> <span class='ocrx_word' id='word_1_152' title='bbox 303 2231 332 2286; x_wconf 90' lang='lat' dir='ltr'>et</span> <span class='ocrx_word' id='word_1_153' title='bbox 360 2246 466 2286; x_wconf 87' lang='lat' dir='ltr'>scaena</span> <span class='ocrx_word' id='word_1_154' title='bbox 493 2227 573 2287; x_wconf 91' lang='lat' dir='ltr'>ludis</span> <span class='ocrx_word' id='word_1_155' title='bbox 603 2227 721 2286; x_wconf 80' lang='lat' dir='ltr'>Claudii</span> <span class='ocrx_word' id='word_1_156' title='bbox 744 2227 867 2286; x_wconf 91' lang='lat' dir='ltr'>Pulchri</span> <span class='ocrx_word' id='word_1_157' title='bbox 898 2246 1038 2304; x_wconf 85' lang='lat' dir='ltr'>magnam</span> <span class='ocrx_word' id='word_1_158' title='bbox 1066 2226 1116 2285; x_wconf 87' lang='lat' dir='ltr'>ad·</span> 
     </span>
     <span class='ocr_line' id='line_1_23' title="bbox 99 2315 1116 2394; baseline 0.001 -21"><span class='ocrx_word' id='word_1_159' title='bbox 99 2315 290 2374; x_wconf 87' lang='lat' dir='ltr'>mirationem</span> <span class='ocrx_word' id='word_1_160' title='bbox 327 2316 476 2393; x_wconf 81' lang='lat' dir='ltr'>picturae,</span> <span class='ocrx_word' id='word_1_161' title='bbox 514 2335 581 2375; x_wconf 90' lang='lat' dir='ltr'>cum</span> <span class='ocrx_word' id='word_1_162' title='bbox 614 2317 651 2375; x_wconf 89' lang='lat' dir='ltr'>ud</span> <span class='ocrx_word' id='word_1_163' title='bbox 683 2317 854 2394; x_wconf 86' lang='lat' dir='ltr'>tegularum</span> <span class='ocrx_word' id='word_1_164' title='bbox 889 2316 1116 2375; x_wconf 89' lang='lat' dir='ltr'>similitudinem</span> 
     </span>
     <span class='ocr_line' id='line_1_24' title="bbox 100 2405 683 2484; baseline 0 -21"><span class='ocrx_word' id='word_1_165' title='bbox 100 2405 182 2464; x_wconf 86' lang='lat' dir='ltr'>corvi</span> <span class='ocrx_word' id='word_1_166' title='bbox 206 2405 322 2482; x_wconf 91' lang='lat' dir='ltr'>decepti</span> <span class='ocrx_word' id='word_1_167' title='bbox 345 2407 476 2484; x_wconf 86' lang='lat' dir='ltr'>imagine</span> <span class='ocrx_word' id='word_1_168' title='bbox 500 2406 683 2465; x_wconf 86' lang='lat' dir='ltr'>advolarent.</span> 
     </span>
    </p>
   </div>
   <div class='ocr_carea' id='block_1_9' title="bbox 99 2503 1117 2788">
    <p class='ocr_par' dir='ltr' id='par_1_10' title="bbox 99 2503 1117 2788">
     <span class='ocr_line' id='line_1_25' title="bbox 172 2503 1117 2571; baseline 0 -15"><span class='ocrx_word' id='word_1_169' title='bbox 172 2505 248 2558; x_wconf 78' lang='lat' dir='ltr'>Ptin.</span> <span class='ocrx_word' id='word_1_170' title='bbox 263 2522 290 2559; x_wconf 73' lang='lat' dir='ltr'>vt.</span> <span class='ocrx_word' id='word_1_171' title='bbox 305 2505 330 2558; x_wconf 76' lang='lat' dir='ltr'>h.</span> <span class='ocrx_word' id='word_1_172' title='bbox 346 2508 391 2570; x_wconf 86' lang='lat'>35,</span> <span class='ocrx_word' id='word_1_173' title='bbox 404 2508 442 2559; x_wconf 79' lang='lat'>23</span> <span class='ocrx_word' id='word_1_174' title='bbox 460 2518 541 2558; x_wconf 84' lang='lat' dir='ltr'>habult</span> <span class='ocrx_word' id='word_1_175' title='bbox 555 2536 578 2545; x_wconf 93' lang='lat'>-</span> <span class='ocrx_word' id='word_1_176' title='bbox 594 2520 730 2560; x_wconf 81' lang='lat' dir='ltr'>advolarent.</span> <span class='ocrx_word' id='word_1_177' title='bbox 750 2505 810 2560; x_wconf 83' lang='lat' dir='ltr'>Val.</span> <span class='ocrx_word' id='word_1_178' title='bbox 825 2509 904 2558; x_wconf 71' lang='lat' dir='ltr'>Max.</span> <span class='ocrx_word' id='word_1_179' title='bbox 919 2508 945 2571; x_wconf 79' lang='lat'>2,</span> <span class='ocrx_word' id='word_1_180' title='bbox 961 2510 986 2569; x_wconf 75' lang='lat'>4,</span> <span class='ocrx_word' id='word_1_181' title='bbox 1002 2510 1020 2558; x_wconf 89' lang='grc'><strong><em>6</em></strong></span> <span class='ocrx_word' id='word_1_182' title='bbox 1035 2503 1117 2557; x_wconf 71' lang='lat' dir='ltr'>illau-</span> 
     </span>
     <span class='ocr_line' id='line_1_26' title="bbox 101 2574 1117 2631; baseline 0.002 -4"><span class='ocrx_word' id='word_1_183' title='bbox 101 2574 163 2628; x_wconf 88' lang='lat' dir='ltr'>dius</span> <span class='ocrx_word' id='word_1_184' title='bbox 191 2575 311 2629; x_wconf 85' lang='lat' dir='ltr'>Pulcher</span> <span class='ocrx_word' id='word_1_185' title='bbox 337 2592 467 2629; x_wconf 88' lang='lat' dir='ltr'>scaenam</span> <span class='ocrx_word' id='word_1_186' title='bbox 494 2575 631 2630; x_wconf 86' lang='lat' dir='ltr'>varietate</span> <span class='ocrx_word' id='word_1_187' title='bbox 664 2576 787 2631; x_wconf 91' lang='lat' dir='ltr'>colorum</span> <span class='ocrx_word' id='word_1_188' title='bbox 819 2574 996 2629; x_wconf 88' lang='lat' dir='ltr'>adumbravit</span> <span class='ocrx_word' id='word_1_189' title='bbox 1022 2576 1117 2630; x_wconf 89' lang='lat' dir='ltr'>vacuis</span> 
     </span>
     <span class='ocr_line' id='line_1_27' title="bbox 100 2645 1115 2718; baseline 0.001 -19"><span class='ocrx_word' id='word_1_190' title='bbox 100 2647 166 2699; x_wconf 90' lang='lat' dir='ltr'>ante</span> <span class='ocrx_word' id='word_1_191' title='bbox 184 2645 296 2714; x_wconf 88' lang='lat' dir='ltr'>pictura</span> <span class='ocrx_word' id='word_1_192' title='bbox 313 2646 420 2700; x_wconf 89' lang='lat' dir='ltr'>tabulis</span> <span class='ocrx_word' id='word_1_193' title='bbox 440 2649 589 2701; x_wconf 83' lang='lat' dir='ltr'>extentam.</span> <span class='ocrx_word' id='word_1_194' title='bbox 617 2649 651 2715; x_wconf 78' lang='lat' dir='ltr'>cf.</span> <span class='ocrx_word' id='word_1_195' title='bbox 670 2649 705 2714; x_wconf 83' lang='lat' dir='ltr'>fr.</span> <span class='ocrx_word' id='word_1_196' title='bbox 727 2652 787 2703; x_wconf 85' lang='lat'>309.</span> <span class='ocrx_word' id='word_1_197' title='bbox 808 2651 870 2701; x_wconf 84' lang='lat'>310.</span> <span class='ocrx_word' id='word_1_198' title='bbox 889 2648 982 2714; x_wconf 80' lang='lat' dir='ltr'>Bothe,</span> <span class='ocrx_word' id='word_1_199' title='bbox 1010 2649 1115 2718; x_wconf 76' lang='lat' dir='ltr'>Prolep.</span> 
     </span>
     <span class='ocr_line' id='line_1_28' title="bbox 99 2717 866 2788; baseline 0.001 -18"><span class='ocrx_word' id='word_1_200' title='bbox 99 2733 122 2770; x_wconf 85' lang='lat' dir='ltr'>a.</span> <span class='ocrx_word' id='word_1_201' title='bbox 140 2717 232 2772; x_wconf 78' lang='lat' dir='ltr'>Gescb.</span> <span class='ocrx_word' id='word_1_202' title='bbox 248 2719 274 2772; x_wconf 87' lang='lat' dir='ltr'>d.</span> <span class='ocrx_word' id='word_1_203' title='bbox 292 2719 383 2773; x_wconf 69' lang='grc' dir='ltr'><em>ΤΙιεατ.</em></span> <span class='ocrx_word' id='word_1_204' title='bbox 398 2720 437 2772; x_wconf 81' lang='lat' dir='ltr'>ior</span> <span class='ocrx_word' id='word_1_205' title='bbox 450 2721 547 2774; x_wconf 70' lang='lat' dir='ltr'>Alteri.</span> <span class='ocrx_word' id='word_1_206' title='bbox 567 2720 645 2788; x_wconf 67' lang='lat' dir='ltr'>(lma.</span> <span class='ocrx_word' id='word_1_207' title='bbox 662 2722 744 2788; x_wconf 81' lang='lat'>1896)</span> <span class='ocrx_word' id='word_1_208' title='bbox 759 2722 866 2788; x_wconf 63' lang='lat'>12307.</span> 
     </span>
    </p>
   </div>
   <div class='ocr_carea' id='block_1_10' title="bbox 101 2823 1115 2967">
    <p class='ocr_par' dir='ltr' id='par_1_11' title="bbox 101 2823 1115 2967">
     <span class='ocr_line' id='line_1_29' title="bbox 172 2823 1115 2893; baseline 0.003 -16"><span class='ocrx_word' id='word_1_209' title='bbox 172 2829 187 2877; x_wconf 88' lang='grc'><em>3</em></span> <span class='ocrx_word' id='word_1_210' title='bbox 207 2823 360 2893; x_wconf 84' lang='lat' dir='ltr'>imaginem</span> <span class='ocrx_word' id='word_1_211' title='bbox 384 2825 665 2881; x_wconf 58' lang='lat' dir='ltr'>aucellatores.</span> <span class='ocrx_word' id='word_1_212' title='bbox 746 2825 912 2880; x_wconf 89' lang='lat' dir='ltr'>advolarant</span> <span class='ocrx_word' id='word_1_213' title='bbox 934 2825 1017 2880; x_wconf 80' lang='lat' dir='ltr'>iidem</span> <span class='ocrx_word' id='word_1_214' title='bbox 1040 2825 1115 2880; x_wconf 83' lang='lat' dir='ltr'>codd.</span> 
     </span>
     <span class='ocr_line' id='line_1_30' title="bbox 101 2897 766 2967; baseline 0.002 -18"><span class='ocrx_word' id='word_1_215' title='bbox 101 2897 210 2950; x_wconf 87' lang='lat' dir='ltr'>-assent</span> <span class='ocrx_word' id='word_1_216' title='bbox 227 2898 327 2966; x_wconf 71' lang='lat' dir='ltr'>asupio.</span> <span class='ocrx_word' id='word_1_217' title='bbox 349 2898 481 2967; x_wconf 72' lang='lat' dir='ltr'>Mapboff</span> <span class='ocrx_word' id='word_1_218' title='bbox 496 2899 554 2952; x_wconf 87' lang='lat' dir='ltr'>coll.</span> <span class='ocrx_word' id='word_1_219' title='bbox 574 2899 648 2952; x_wconf 77' lang='lat' dir='ltr'>Plio.</span> <span class='ocrx_word' id='word_1_220' title='bbox 669 2902 713 2964; x_wconf 83' lang='lat'>35,</span> <span class='ocrx_word' id='word_1_221' title='bbox 729 2902 766 2951; x_wconf 82' lang='lat'>66</span> 
     </span>
    </p>
   </div>
   <div class='ocr_carea' id='block_1_11' title="bbox 559 3047 654 3106">
    <p class='ocr_par' dir='ltr' id='par_1_12' title="bbox 559 3047 654 3106">
     <span class='ocr_line' id='line_1_31' title="bbox 559 3047 654 3106; baseline 0.011 -1"><span class='ocrx_word' id='word_1_222' title='bbox 559 3047 654 3106; x_wconf 83' lang='grc'><em>*314</em></span> 
     </span>
    </p>
   </div>
   <div class='ocr_carea' id='block_1_12' title="bbox 97 3148 1183 3674">
    <p class='ocr_par' dir='ltr' id='par_1_13' title="bbox 97 3148 1183 3674">
     <span class='ocr_line' id='line_1_32' title="bbox 168 3148 1117 3233; baseline 0.003 -22"><span class='ocrx_word' id='word_1_223' title='bbox 168 3153 287 3212; x_wconf 86' lang='lat' dir='ltr'>theatra</span> <span class='ocrx_word' id='word_1_224' title='bbox 317 3153 403 3213; x_wconf 84' lang='lat' dir='ltr'>iuxta</span> <span class='ocrx_word' id='word_1_225' title='bbox 431 3154 488 3213; x_wconf 95' lang='lat' dir='ltr'>duo</span> <span class='ocrx_word' id='word_1_226' title='bbox 511 3155 583 3213; x_wconf 85' lang='lat' dir='ltr'>iecit</span> <span class='ocrx_word' id='word_1_227' title='bbox 614 3148 660 3233; x_wconf 79' lang='lat'>[0.</span> <span class='ocrx_word' id='word_1_228' title='bbox 678 3148 780 3233; x_wconf 75' lang='lat' dir='ltr'>Curio]</span> <span class='ocrx_word' id='word_1_229' title='bbox 812 3155 996 3230; x_wconf 87' lang='lat' dir='ltr'>amplissima</span> <span class='ocrx_word' id='word_1_230' title='bbox 1025 3157 1117 3233; x_wconf 84' lang='lat' dir='ltr'>ligno,</span> 
     </span>
     <span class='ocr_line' id='line_1_33' title="bbox 102 3241 1116 3322; baseline 0.002 -23"><span class='ocrx_word' id='word_1_231' title='bbox 102 3241 257 3301; x_wconf 87' lang='lat' dir='ltr'>cardinum</span> <span class='ocrx_word' id='word_1_232' title='bbox 275 3243 463 3322; x_wconf 86' lang='lat' dir='ltr'>singulorum</span> <span class='ocrx_word' id='word_1_233' title='bbox 482 3244 616 3302; x_wconf 88' lang='lat' dir='ltr'>versatili</span> <span class='ocrx_word' id='word_1_234' title='bbox 636 3263 778 3319; x_wconf 89' lang='lat' dir='ltr'>suspensa</span> <span class='ocrx_word' id='word_1_235' title='bbox 795 3244 983 3318; x_wconf 85' lang='lat' dir='ltr'>libramento,</span> <span class='ocrx_word' id='word_1_236' title='bbox 1001 3244 1032 3303; x_wconf 90' lang='lat' dir='ltr'>in</span> <span class='ocrx_word' id='word_1_237' title='bbox 1053 3246 1116 3320; x_wconf 94' lang='lat' dir='ltr'>qui-</span> 
     </span>
     <span class='ocr_line' id='line_1_34' title="bbox 99 3330 1136 3413; baseline 0.004 -25"><span class='ocrx_word' id='word_1_238' title='bbox 99 3330 155 3389; x_wconf 94' lang='lat' dir='ltr'>bus</span> <span class='ocrx_word' id='word_1_239' title='bbox 172 3333 308 3408; x_wconf 89' lang='lat' dir='ltr'>utrisque</span> <span class='ocrx_word' id='word_1_240' title='bbox 332 3332 566 3392; x_wconf 87' lang='lat' dir='ltr'>antemeridiano</span> <span class='ocrx_word' id='word_1_241' title='bbox 585 3333 723 3392; x_wconf 90' lang='lat' dir='ltr'>ludorum</span> <span class='ocrx_word' id='word_1_242' title='bbox 747 3335 915 3409; x_wconf 89' lang='lat' dir='ltr'>spectaculo</span> <span class='ocrx_word' id='word_1_243' title='bbox 939 3333 1018 3393; x_wconf 89' lang='lat' dir='ltr'>edito</span> <span class='ocrx_word' id='word_1_244' title='bbox 1037 3335 1136 3413; x_wconf 30' lang='lat' dir='ltr'>incer,</span> 
     </span>
     <span class='ocr_line' id='line_1_35' title="bbox 100 3421 1122 3498; baseline -0.003 -19"><span class='ocrx_word' id='word_1_245' title='bbox 100 3438 163 3479; x_wconf 86' lang='lat' dir='ltr'>sese</span> <span class='ocrx_word' id='word_1_246' title='bbox 196 3421 320 3498; x_wconf 68' lang='lat' dir='ltr'>aversis</span> <span class='ocrx_word' id='word_1_247' title='bbox 358 3441 395 3481; x_wconf 94' lang='lat' dir='ltr'>ne</span> <span class='ocrx_word' id='word_1_248' title='bbox 426 3423 554 3481; x_wconf 90' lang='lat' dir='ltr'>invicem</span> <span class='ocrx_word' id='word_1_249' title='bbox 587 3423 792 3498; x_wconf 88' lang='lat' dir='ltr'>obstreperent</span> <span class='ocrx_word' id='word_1_250' title='bbox 824 3441 963 3495; x_wconf 88' lang='lat' dir='ltr'>scaenae,</span> <span class='ocrx_word' id='word_1_251' title='bbox 994 3425 1122 3495; x_wconf 72' lang='lat' dir='ltr'>repenta</span> 
     </span>
     <span class='ocr_line' id='line_1_36' title="bbox 102 3506 1182 3591; baseline -0.007 -24"><span class='ocrx_word' id='word_1_252' title='bbox 102 3510 299 3585; x_wconf 90' lang='lat' dir='ltr'>circumactis,</span> <span class='ocrx_word' id='word_1_253' title='bbox 322 3515 358 3571; x_wconf 94' lang='lat' dir='ltr'>ut</span> <span class='ocrx_word' id='word_1_254' title='bbox 377 3514 502 3588; x_wconf 90' lang='lat' dir='ltr'>constat,</span> <span class='ocrx_word' id='word_1_255' title='bbox 526 3515 595 3591; x_wconf 93' lang='lat' dir='ltr'>post</span> <span class='ocrx_word' id='word_1_256' title='bbox 617 3511 733 3591; x_wconf 89' lang='lat' dir='ltr'>primos</span> <span class='ocrx_word' id='word_1_257' title='bbox 753 3511 820 3572; x_wconf 83' lang='lat' dir='ltr'>diss</span> <span class='ocrx_word' id='word_1_258' title='bbox 844 3513 945 3570; x_wconf 71' lang='lat' dir='ltr'>etiarn</span> <span class='ocrx_word' id='word_1_259' title='bbox 963 3506 1182 3567; x_wconf 60' lang='lat' dir='ltr'>secessum</span> 
     </span>
     <span class='ocr_line' id='line_1_37' title="bbox 97 3589 1183 3674; baseline -0.026 -2"><span class='ocrx_word' id='word_1_260' title='bbox 97 3597 213 3674; x_wconf 57' lang='lat' dir='ltr'>eliqua,</span> <span class='ocrx_word' id='word_1_261' title='bbox 239 3600 376 3661; x_wconf 86' lang='lat' dir='ltr'>cornibus</span> <span class='ocrx_word' id='word_1_262' title='bbox 394 3604 427 3663; x_wconf 90' lang='lat' dir='ltr'>in</span> <span class='ocrx_word' id='word_1_263' title='bbox 452 3623 487 3666; x_wconf 87' lang='lat' dir='ltr'>se</span> <span class='ocrx_word' id='word_1_264' title='bbox 505 3605 696 3670; x_wconf 83' lang='lat' dir='ltr'>coeuntibus</span> <span class='ocrx_word' id='word_1_265' title='bbox 714 3603 862 3668; x_wconf 75' lang='lat' dir='ltr'>iaciebat</span> <span class='ocrx_word' id='word_1_266' title='bbox 883 3589 1183 3672; x_wconf 55' lang='lat' dir='ltr'>eripuissem-</span> 
     </span>
    </p>
   </div>
   <div class='ocr_carea' id='block_1_13' title="bbox 0 0 1216 3840">
    <p class='ocr_par' dir='ltr' id='par_1_14' title="bbox 0 0 1216 3840">
     <span class='ocr_line' id='line_1_38' title="bbox 0 0 1216 3840; baseline 0 0"><span class='ocrx_word' id='word_1_267' title='bbox 0 0 1216 3840; x_wconf 95' lang='lat' dir='ltr'> </span> 
     </span>
    </p>
   </div>
  </div>
 </body>
</html>
