2422 3840
262 182 265 190 ·
347 186 349 189 -
422 147 459 202 M.
478 147 626 203 *forentius
643 149 732 204 Varro
884 164 886 168 ‘
1018 148 1083 214 279

69 335 139 376 cum
171 315 296 375 dicimus
328 316 408 393 pluit
439 317 487 376 vel
519 317 652 394 ninguit,
686 318 778 376 etium
810 319 835 377 si
867 337 926 377 non
958 319 1087 378 addetur
1100 336 1126 378 ιι

68 407 137 482 quis
155 405 243 482 pluet
259 408 312 464 eut
330 405 464 483 ninguut,
482 408 584 464 temen
604 408 675 481 quie
695 406 891 484 intellegitur,
910 425 970 466 non
987 411 1086 484 potest

68 495 149 554 inter
170 494 319 570 simplicia*
338 495 499 554 numerari.
541 497 702 555 coniuncte
723 495 815 555 verbe
838 500 909 555 sunt
930 516 1006 572 quae
1029 497 1087 556 sibi

69 602 181 643 conexu
203 584 373 659 resssplures
396 583 584 661 significent·
601 587 635 642 ut
658 603 726 643 cum
748 585 873 645 dicimus
902 581 1001 645 ‘homo
1024 606 1085 646 em-

68 668 165 731 bulut’
186 675 240 731 eut
259 667 358 731 ‘homo
381 673 527 732 festinans
545 674 576 730 in
595 677 728 733 montem
751 669 897 733 ambulet'
920 678 951 733 et
969 677 995 735 si
1014 675 1086 751 quid

67 760 138 820 tole.
184 761 235 821 sed
258 763 483 821 coniunctorum
513 762 670 821 verborum
693 764 754 821 elis
777 766 847 822 sunt
870 782 946 839 queo
969 768 1085 823 senten·
1100 781 1127 820 so

67 852 145 910 tiam
167 851 429 927 comprehendunt,
458 855 494 909 ut
516 871 551 909 eu
576 851 755 926 quaedictu
778 855 856 926 sunt,
883 848 965 930 <alie
989 849 1087 931 quae>

68 941 227 1015 expectant
250 939 365 1014 aliquid
388 935 447 1017 <ed
467 939 685 1016 conpletionem
706 936 902 1017 sententiae),
925 944 959 999 ut
983 942 1086 1001 eudem

67 1029 136 1104 ipsc
149 1047 225 1104 quae
244 1047 323 1087 nuno
342 1029 479 1102 diximus,
498 1030 524 1088 si
543 1028 700 1088 subtrahes
714 1030 839 1089 verbum
857 1029 935 1105 quod
955 1031 1085 1107 positum
1120 1062 1123 1075 =

66 1121 116 1176 est
141 1116 288 1186 ambulat
320 1119 455 1192 quemvis
483 1119 562 1176 enim
589 1118 679 1177 verbu
706 1121 865 1178 coniuncte
892 1122 953 1178 sint
986 1116 1085 1180 ‘homo

67 1207 213 1266 festinans
235 1209 268 1264 in
290 1201 444 1281 montem’‚
473 1211 575 1266 temen
598 1207 695 1266 adhue
717 1208 827 1284 pendet
849 1210 954 1268 oratio.
1001 1228 1085 1285 sepa·
1100 1225 1126 1266 ss

67 1296 143 1355 retis
165 1296 260 1372 igitur
286 1295 333 1355 his
357 1295 523 1360 coniunctis
546 1297 653 1371 verbis,
684 1293 763 1372 quae
784 1316 845 1356 non
872 1298 999 1375 implent
1021 1317 1086 1358 sen·

66 1386 204 1459 tentiam,
228 1381 397 1443 restantes
415 1385 506 1444 verbe
525 1385 691 1458 coniuncte,
715 1405 792 1461 quoe
810 1389 989 1450 sententium
1008 1405 1086 1447 oom-

67 1473 265 1549 prehendunt
294 1475 418 1532 >horum
449 1476 522 1533 item
551 1473 628 1533 duee
659 1476 770 1550 species
800 1478 878 1536 sunt.
925 1480 978 1534 cut
1006 1478 1086 1535 enim

67 1564 110 1621 sic
140 1564 288 1621 sententia
319 1564 579 1639 comprehenditur
602 1568 636 1621 ut
662 1581 732 1622 vero
761 1567 814 1623 aut
840 1564 918 1623 falso
947 1568 1087 1623 teneatur

66 1650 204 1726 obnoxie,
234 1656 270 1710 ut
294 1655 346 1710 est
367 1645 475 1711 ‘omnis
499 1654 587 1712 homo
611 1648 756 1711 ambulut’
786 1655 839 1711 sut
867 1648 973 1712 ‘omnis
996 1655 1085 1713 homo
1099 1673 1126 1714 cc

67 1758 128 1800 non
150 1736 297 1799 ambulet’
318 1743 349 1800 et
366 1741 485 1817 si'quid
509 1740 598 1800 huius
616 1741 699 1800 modi
717 1744 776 1816 est3
799 1744 852 1799 eut
875 1744 920 1800 ite
941 1743 1086 1818 impletur

66 1831 229 1905 sententie,
259 1831 293 1888 ut
323 1830 394 1888 licet
422 1829 559 1905 perficiet
587 1832 773 1906 propositum
804 1831 909 1907 enimi,
941 1831 1086 1890 offirmari

65 1921 168 1977 temen
190 1919 331 1995 neges-ive
354 1938 415 1978 non
432 1921 536 2001 possit,
558 1922 594 1978 ut
611 1937 678 1978 cum
700 1920 890 1994 imperemus,
914 1939 981 1978 oum
1000 1924 1084 1997 optc÷

66 2027 141 2082 mus,
161 2026 230 2065 cum
247 2025 434 2066 exsecramur
452 2012 482 2066 et
500 2008 620 2068 similia.
649 2027 721 2068 nem
739 2009 873 2085 quisquis
892 2009 965 2068 dicit
983 2005 1084 2086 ‘perge

65 2095 104 2154 ed
132 2092 248 2154 villam'
278 2098 327 2156 vel
358 2092 486 2156 ‘utinam
512 2101 620 2174 perget
643 2097 680 2155 ad
703 2092 819 2156 villcm’
849 2098 898 2157 vel
928 2092 972 2155 ‘di
998 2098 1124 2158 illumes

66 2180 229 2260 perduint,
251 2204 312 2244 non
329 2188 428 2261 potest
447 2187 533 2263 argui
552 2186 632 2261 quod
653 2186 816 2245 mentietur
835 2189 888 2245 eut
906 2187 986 2246 credi
1005 2186 1085 2262 quod

66 2293 171 2332 verum
194 2274 281 2333 dicet.
323 2275 501 2333 nihilenim
526 2275 689 2335 affirmavit
712 2278 765 2334 aut
787 2277 918 2353 negavit,
941 2295 1011 2354 ergo
1030 2295 1084 2336 nec

66 2363 144 2423 tales
172 2365 337 2423 sententiae
360 2365 391 2420 in
413 2364 620 2438 quaestionem
647 2365 781 2436 veniunt,
812 2367 845 2422 ut
868 2364 1085 2439 disputatorem

65 2453 228 2527 requirent.
273 2453 325 2510 sed
357 2453 427 2510 illue
455 2472 532 2527 quae
560 2454 717 2528 requirunt
747 2455 800 2511 eut
831 2453 980 2529 simplices
1013 2457 1084 2513 sunt

65 2544 119 2599 eut
138 2542 319 2600 coniunctae.
359 2542 509 2617 simplices
533 2547 602 2601 sunt
626 2561 702 2617 quae
725 2542 788 2601 sine
807 2543 871 2601 ulle
894 2543 1123 2618 copulationem

28 2650 31 2657 ’
65 2629 230 2689 sententiae
253 2630 377 2689 eltesius
401 2632 604 2704 enuntientur,
629 2631 670 2689 ut
687 2633 733 2690 est
754 2631 830 2688 illud
854 2631 933 2706 quod
958 2630 1083 2692 dicimus

66 2713 174 2777 ‘omnis
198 2720 286 2777 homo
310 2715 465 2793 ambulat'3
495 2721 670 2779 coniunctae
693 2724 763 2778 sunt
786 2721 821 2777 de
845 2739 971 2794 quarum
994 2739 1082 2796 copu-

65 2808 178 2866 latione
200 2807 359 2881 iudicctm,
389 2810 424 2866 ut
447 2813 492 2867 est
517 2803 553 2866 ‘si
577 2809 711 2867 ambulet
738 2803 895 2867 movetur'.
941 2808 993 2868 sed
1016 2829 1084 2869 cum

64 2897 102 2954 de
135 2898 341 2955 coniunctione
379 2898 595 2955 sententiarum
631 2898 775 2956 iudicium
805 2897 854 2971 fit,
889 2897 1006 2956 tamdiu
1039 2901 1083 2958 est

65 2986 158 3044 donec
184 2986 379 3061 pervenietur
402 2986 440 3043 ad
467 3004 622 3044 summam.
668 3004 783 3045 summe
807 2991 852 3045 est
875 2990 975 3045 eutem
1006 3006 1082 3062 queo
1095 3004 1122 3045 ss

64 3074 221 3133 conficitur
244 3094 279 3131 ex
303 3076 456 3133 concessis.
503 3074 583 3149 quod
611 3075 677 3134 dico
699 3075 761 3134 tale
785 3077 843 3134 est:
873 3075 924 3151 qui
948 3074 1021 3134 dicit
1045 3071 1082 3134 ‘si

65 3163 199 3222 ambulat
222 3158 369 3222 movetur?
378 3207 379 3211 ,
397 3163 524 3239 probare
547 3164 760 3239 vult‘uliquid
789 3167 823 3223 ut
845 3183 913 3223 cum
934 3164 991 3223 hoc
1014 3183 1081 3224 con-

65 3270 178 3311 oessero
206 3271 310 3311 verum
340 3271 415 3325 esse,
444 3255 537 3311 restet
563 3253 611 3311 illi
634 3253 849 3328 decerequod
877 3252 1022 3328 ambulet,
1052 3256 1083 3313 et

64 3359 181 3400 summa
204 3344 410 3416 consequetur,
441 3361 517 3417 quse
540 3343 601 3400 iam
628 3344 732 3420 negari
758 3361 822 3400 non
841 3345 953 3418 potest,
976 3341 1015 3400 id
1037 3346 1082 3401 est

65 3429 146 3505 quod
168 3433 313 3503 movetur,
341 3433 394 3488 eut
416 3433 508 3489 restet
535 3430 582 3489 illi
605 3431 729 3505 docere:
745 3431 825 3507 quod
852 3451 914 3490 non
935 3435 1132 3501 movemus

63 3522 99 3576 ut
117 3521 315 3594 consequatur
330 3537 456 3596 summe,
481 3538 559 3598 quoe
582 3521 660 3582 item
675 3541 742 3583 non
756 3523 868 3600 potest
882 3539 957 3578 ‘non
971 3514 1120 3581 ‹mxxoedxq
