2422 3840
456 186 484 241 C.
503 187 591 240 Iulius
611 186 714 242 Caesar
1033 189 1096 254 155

149 346 229 401 Char.
250 352 391 417 p.119,3
416 349 460 417 (=
485 348 560 401 Plio.
580 348 643 401 dab.
663 365 740 402 serm.
760 366 790 417 p.
811 353 855 415 52,
869 354 907 404 25
917 351 964 419 B.)
991 351 1097 405 animal

76 417 202 472 animale
216 416 311 483 faciet,
326 421 359 472 ut
373 418 520 472 autumnal
534 418 698 473 autumnale
713 419 819 488 capital
834 419 957 489 capitale
971 421 1096 476 tribunal

72 489 226 557 tribunale,
253 506 326 557 quaa
348 489 477 559 patiendi
500 506 556 544 non
580 492 653 558 sunt,
679 493 712 544 ut
735 508 820 560 supra
843 491 973 546 diximus.
1011 507 1097 549 Plinius

72 592 102 602 ·-
116 575 208 623 puteali.

147 674 163 720 ὁ
184 647 296 736 putetli
315 669 344 720 et
360 667 396 720 ab
416 666 469 721 hoo
491 648 604 736 pntedli
654 626 656 629 ι

143 909 276 964 omnium
306 908 459 965 nominum
489 820 564 982 quial
581 812 665 966 [silit
693 909 793 967 neutri
823 910 939 986 generis
963 913 992 968 ei
1025 911 1056 968 in
1080 929 1094 968 e

73 995 283 1069 terminantur,
307 998 351 1054 ait
368 995 484 1054 Plinius
504 994 661 1056 Gaesarem
684 997 773 1056 scisse
793 997 910 1056 eosdem
931 1017 993 1057 esse
1013 994 1095 1058 abla-

73 1086 157 1152 tivos,
179 1082 281 1159 quales
306 1089 376 1144 sunt
399 1085 494 1142 dativi
517 1086 689 1163 singulares.

148 1182 228 1237 Ctar.
248 1201 278 1253 p.
304 1188 415 1248 122,14
443 1184 487 1252 (=
512 1184 587 1238 Pua.
611 1185 674 1237 dab.
698 1201 776 1239 serm
795 1202 826 1254 p.
846 1187 933 1254 9,12)
961 1184 1093 1254 aplustre.
1193 1221 1195 1225 -

72 1268 175 1308 omnium
189 1269 358 1318 -singularna
400 1256 434 1321 of.
454 1255 541 1309 Prisc.
557 1272 587 1324 p.
608 1260 670 1321 350,
684 1260 728 1310 24.
774 1273 858 1325 nequo
876 1257 941 1310 hiae
959 1274 1044 1325 aequo
1061 1275 1095 1312 ea

72 1342 143 1394 seqq.
161 1325 261 1394 frapm.
280 1329 390 1392 2124ιι
408 1326 531 1395 oollipere
550 1326 611 1381 licet
630 1327 773 1381 Gaesarem
793 1328 951 1382 ‘ablativus'
971 1325 1093 1397 ¹appella-

72 1397 175 1451 tionem
193 1397 306 1462 uouisse,
328 1404 361 1451 at
379 1398 480 1452 Lersch
498 1397 630 1466 opinatur
648 1397 830 1467 (Spraotphil.
850 1398 875 1451 d.
896 1400 952 1453 Ait.
972 1404 999 1466 2,
1013 1403 1078 1466 231)
1084 1421 1094 1466 ,·

79 1468 169 1523 Varro
187 1475 255 1522 certe
273 1468 378 1537 aliquot
392 1475 457 1538 post
474 1484 563 1522 aaaos
581 1469 613 1522 ia
630 1471 710 1524 libus
727 1471 772 1524 De
787 1471 805 1524 i.
820 1471 854 1523 L.
873 1477 980 1525 sentam
1000 1488 1093 1526 oasam

72 1539 115 1594 oei
133 1539 270 1593 Latinam
288 1557 382 1594 oasam
400 1546 508 1594 tautam
526 1540 606 1595 modo
624 1548 749 1609 usurpat.

147 1642 162 1689 2
183 1636 267 1690 scisse
286 1638 305 1690 i.
319 1654 340 1690 a.
359 1636 475 1691 iussisse
493 1638 666 1692 asciscendo

142 1913 176 1952 ar
194 1894 303 1952 littaris
326 1896 447 1952 nomina
471 1895 619 1953 neutralia
641 1896 802 1953 terminata
820 1895 894 1953 item
912 1914 972 1953 non
995 1897 1093 1953 minus

73 1977 203 2061 [eosdem
233 1984 338 2041 habere
372 1984 514 2042 ablativos
551 1984 651 2055 qualos
683 1984 796 2043 dotioos
832 1979 1010 2062 simulares]
1050 1986 1094 2042 ait

74 2069 193 2146 Caesar,
223 2073 295 2146 quia
323 2071 425 2131 dativo
454 2076 484 2130 et
511 2071 645 2132 ablativo
672 2075 738 2148 pari
765 2075 829 2131 iure
857 2073 1031 2150 fimguntur,
1058 2075 1093 2130 ut
1160 2114 1164 2121 ·

72 2160 154 2218 idem
176 2160 291 2220 Plinius
315 2159 425 2220 soribit.

147 2259 227 2313 Char.
243 2276 272 2328 p.
295 2264 408 2325 122,16
431 2264 475 2328 (τ-
496 2260 570 2314 Plia.
590 2260 654 2314 dut.
674 2275 751 2314 som.
767 2277 797 2328 p.
817 2265 842 2326 9,
858 2262 949 2326 1513.)
973 2285 999 2313 ar
1013 2275 1093 2315 nuens

74 2361 98 2370 -
113 2344 196 2384 soribit.

148 2434 162 2481 1
182 2428 251 2481 item
270 2428 443 2499 Nipperdey:
462 2428 538 2482 idem

503 2581 567 2638 241ι
605 2580 650 2637 22

141 2685 256 2744 Plinius
281 2687 325 2744 ait
351 2687 430 2744 inter
456 2689 554 2744 cetera
582 2572 672 2744 eltimis
700 2686 780 2744 istud
809 2684 839 2745 G.
865 2685 1021 2745 Gaesarem
1043 2686 1092 2745 de·
1168 2695 1169 2699 ’

73 2775 152 2833 disse
171 2777 372 2850 praeseptum,
392 2775 470 2849 quod
485 2776 591 2833 neutra
609 2774 730 2833 nomina
745 2795 778 2833 ar
791 2776 976 2834 nominativo
991 2775 1092 2834 olausa

72 2865 161 2940 peri
189 2862 324 2922 dativum
354 2864 577 2938 ablativumque
608 2865 774 2940 singulares
804 2864 976 2938 ostendant3
1006 2865 1092 2922 iubar

74 2956 175 3011 tamen
195 2952 232 3010 ab
246 2953 302 3010 hao
319 2952 424 3029 regula
443 2952 593 3011 dissidere.
626 2971 695 3011 nam
709 2956 744 3011 ut
757 2952 827 3011 huia
844 2953 943 3011 inbari
957 2953 1090 3026 dicimus,

74 3042 111 3100 ab
130 3041 186 3099 hoo
206 3041 309 3100 iubare
332 3042 489 3099 dicendum
512 3044 565 3114 est,
588 3045 623 3098 ut
640 3041 709 3099 huie
733 3043 807 3100 fani
826 3044 856 3099 et
874 3042 911 3119 al)
930 3042 985 3100 hoo
1003 3043 1089 3100 farre.
1120 3063 1132 3102 s

147 3141 227 3194 oaar.
247 3157 277 3207 p.
298 3144 411 3205 133,18
434 3141 478 3209 (=
498 3140 574 3195 Plia.
594 3140 657 3193 dab.
677 3156 753 3194 serm.
771 3158 799 3208 p.
816 3143 859 3206 12,
874 3144 911 3194 32
920 3141 968 3207 Β.)
992 3139 1090 3193 iubare

73 3210 155 3281 [-bar
173 3211 251 3280 ood.].
280 3225 366 3264 Plinius
379 3244 405 3250 -
419 3225 484 3264 ome.
516 3211 551 3276 cf.
572 3210 729 3265 Brambooh
748 3211 800 3265 io.
818 3215 922 3278 p165.

145 3323 161 3369 2
181 3317 256 3385 quod
275 3317 438 3372 Fabriciis:
457 3299 495 3385 ll?
509 3319 553 3387 (=
573 3321 701 3385 quorum)

508 3466 557 3528 25v
577 3461 649 3549 [19]

139 3572 245 3630 Caesar
265 3575 296 3630 in
319 3575 487 3656 analogicis
510 3578 624 3640 harum
647 3583 789 3661 partum.
