2422 3840
127 184 191 248 298
276 183 482 239 Grammaticae
502 184 603 238 aetatis
622 183 814 239 Varronianae
832 183 991 254 fragmenta

126 371 188 412 esse
218 354 400 427 maluerunt,
432 356 467 411 ut
495 352 629 412 cohortes
657 353 788 412 militum
816 371 883 412 cum
916 353 1097 428 aspiratione
1127 373 1145 412 a

125 445 230 501 mutua
252 443 422 502 hortatione
446 442 592 501 dicantur.
633 443 705 500 item
729 461 789 500 non
811 442 890 500 nulli
911 442 1054 500 harenam
1076 461 1143 502 cum

126 532 320 607 aspiratione,
362 533 425 590 sive
463 530 605 606 quoniam
640 531 775 605 haereat,
812 533 875 590 sive
912 531 993 606 quod
1033 549 1144 606 aquam

85 627 111 666 ¹⁵
125 621 260 693 hauriat,
291 619 447 678 dicendam
478 621 736 694 existimaverunt3
772 619 839 679 aliis
870 619 932 679 sine
961 621 1144 695 aspiratione

125 709 245 768 videtur
272 707 462 767 enuntianda.
509 727 563 767 nos
586 711 732 768 nontam
761 727 815 783 per
837 709 905 768 illas
934 727 1038 768 causas
1068 728 1143 784 quas

125 816 218 872 supra
253 797 462 874 proposuimus
494 793 659 875 <harenam
695 793 852 875 dicimus),
893 816 983 873 quam
1019 802 1144 874 propter

125 886 271 965 originem
294 887 385 960 vocis,
408 888 435 946 si
458 887 587 962 quidem,
614 889 649 945 ut
670 888 756 945 testis
780 888 825 946 est
848 886 953 961 Varro,
982 906 1000 945 a
1024 886 1143 945 Sabinis

123 976 227 1034 fasena
246 975 365 1048 dicitur,
388 977 418 1034 et
436 976 516 1034 siout
534 993 547 1034 s
571 975 762 1034 familiariter
783 977 815 1033 in
833 996 848 1033 r
870 977 989 1050 haunt,
1012 975 1057 1034 ita
1074 977 1091 1034 f
1110 978 1143 1034 in

83 1073 110 1112 ²⁰
123 1063 253 1123 vicinam
284 1065 497 1140 aspirationem
524 1066 667 1122 mutatur.
714 1065 852 1123 similiter
875 1084 946 1141 ergo
974 1068 1004 1123 et
1031 1064 1142 1124 haedos

124 1152 249 1212 dicimus
278 1172 345 1212 cum
373 1153 565 1228 aspiratione,
595 1155 737 1229 quoniam
759 1153 839 1212 faedi
864 1153 1039 1212 dicebantur
1062 1155 1143 1230 apud

124 1244 272 1318 antiquos
308 1242 382 1301 item
404 1237 514 1315 hircos,
537 1241 679 1318 quoniam
697 1242 815 1302 eosdem
834 1261 926 1318 acque
948 1242 1035 1302 fircos
1054 1262 1141 1302 voca-

123 1331 204 1390 bant.
241 1349 312 1389 nam
335 1333 365 1389 et
388 1350 403 1389 e
427 1333 586 1405 contrari0,
609 1349 699 1406 quam
723 1331 842 1407 antiqui
864 1332 973 1390 habam
994 1331 1141 1407 dicebant,

123 1438 177 1478 nos
191 1419 293 1479 fabam
312 1420 445 1478 dicimus
483 1419 608 1479 cilonem
628 1439 745 1496 qnoque
764 1424 794 1479 et
812 1421 942 1480 cocleam
961 1423 990 1479 et
1009 1422 1140 1479 cocleare

82 1518 109 1558 ’ὁ
123 1509 187 1568 sine
210 1509 392 1585 aspiratione
416 1508 587 1583 scribemus,
614 1512 643 1567 et
662 1508 803 1586 quicquid
826 1528 879 1585 per
896 1511 1140 1568 consuetudinem

124 1598 241 1655 aurium
263 1598 308 1655 ita
329 1598 449 1656 licuerit
467 1597 635 1672 enuntiare;
658 1617 719 1656 non
737 1599 816 1657 enim
834 1598 952 1657 firmum
971 1602 1017 1658 est
1040 1600 1139 1657 catho-

122 1686 214 1745 licum
244 1688 521 1764 grammaticorum,
558 1706 617 1762 quo
648 1690 768 1746 censent
795 1687 1009 1762 aspirationem
1037 1706 1139 1746 conso-

122 1777 208 1834 nanti
234 1794 295 1834 non
322 1794 384 1834 esse
414 1776 609 1853 iungendam,
640 1794 707 1835 cum
730 1779 760 1835 ot
783 1775 933 1853 Carthago
963 1776 1081 1836 dicatur
1110 1780 1141 1836 et

122 1865 247 1939 pulcher
270 1868 300 1923 et
323 1864 472 1924 Gracchus
496 1869 526 1923 et
550 1862 628 1924 Otho
652 1866 682 1923 et
704 1864 848 1924 Bocchus.

200 1964 254 2018 Vel.
269 1964 357 2034 Lolly.
368 1982 399 2033 p.
415 1967 461 2029 68,
477 1968 511 2017 14
530 1964 558 2016 eb
577 1978 604 2018 de
618 1979 633 2016 h
648 1979 723 2018 littera
737 1995 760 2004 -
776 1981 799 2018 et
811 1977 921 2021 Bocchus.

195 2076 209 2122 l
230 2070 337 2124 dehac
356 2068 374 2123 l.
394 2071 433 2124 cd.
449 2072 541 2138 princ.
557 2097 590 2115 =
606 2070 634 2123 R
746 2069 843 2123 multis
868 2072 967 2138 scripsi
989 2072 1048 2126 coll.
1071 2072 1139 2126 Gall.

120 2143 148 2205 2,
164 2144 219 2207 3,1
240 2157 303 2194 cum
321 2140 366 2193 his
384 2142 461 2196 codd.
480 2144 539 2197 secl.
555 2141 621 2196 Keil
706 2141 919 2196 3vehementer
990 2143 1140 2211 reprehen-

122 2211 165 2264 dit
274 2213 423 2266 calceet.
443 2213 509 2267 Keil
533 2213 705 2266 autIuaias
775 2212 864 2266 hostis
885 2245 918 2252 -
938 2212 1059 2268 harenae
1078 2215 1138 2268 secl.

122 2283 188 2336 Keil
265 2288 280 2336 6
300 2283 353 2336 ha.
373 2282 497 2337 halicarn
515 2286 544 2336 et
562 2283 685 2336 halicarn
701 2286 733 2337 'et
752 2282 884 2337 aliculam
963 2291 976 2336 l
997 2284 1140 2338 existimet

123 2358 156 2406 10
176 2371 193 2407 a
207 2355 359 2409 coercendo
375 2356 402 2409 R
511 2362 542 2407 11
564 2355 593 2409 et
608 2357 679 2408 tam:
700 2373 747 2409 cm.
762 2373 796 2408 ru.
811 2355 869 2409 cod.
885 2356 971 2410 Vatic.
992 2358 1020 2409 et
1035 2371 1097 2409 eam
1111 2358 1139 2411 R

123 2429 155 2476 15
176 2424 296 2478 dicanda
385 2431 417 2478 16
436 2426 499 2496 per]
518 2427 634 2494 propter
653 2427 720 2480 Keil
811 2432 843 2479 1‘1
863 2426 923 2480 har.
943 2428 969 2480 d.
989 2428 1054 2481 add.
1074 2428 1140 2482 Keil

123 2499 155 2547 19
175 2495 301 2549 fassana:
321 2514 368 2550 em.
389 2498 455 2551 Keil
473 2498 532 2551 coll.
549 2498 603 2551 Vel.
623 2498 711 2567 Loup.
727 2502 864 2565 p.81,11
938 2503 972 2551 20
990 2498 1096 2552 hoedos
1112 2500 1139 2554 R

121 2571 155 2619 21
175 2566 251 2622 foedi
342 2574 376 2620 22
396 2567 485 2622 feroce
576 2573 610 2621 29
629 2569 765 2638 gracchos
785 2571 814 2622 et
832 2569 898 2623 otho
918 2570 947 2622 et
964 2569 1071 2622 bochus

535 2738 622 2795 280⁶
646 2730 718 2815 [57]

187 2858 317 2918 Varroni
339 2860 439 2935 placet
459 2880 474 2917 r
496 2861 639 2936 litteram,
662 2861 688 2920 si
710 2862 808 2936 primo
831 2861 896 2920 loco
915 2864 1055 2936 ponatur,
1078 2881 1139 2920 non

120 2948 257 3022 aspirari.
306 2949 421 3007 lector
448 2951 527 3007 enim
554 2951 631 3025 ipse
660 2949 761 3024 inquit
787 2951 1005 3028 intellegere
1034 2950 1139 3010 debet

120 3036 254 3094 Rodum
272 3040 392 3095 tamen
411 3038 479 3096 etsi
498 3039 601 3097 hnon
618 3038 740 3113 habet,
758 3039 921 3098 Rhodum
939 3058 1028 3114 esse,
1047 3042 1138 3099 reto·

119 3145 190 3183 rem
212 3126 398 3184 rhetorem.

191 3224 267 3277 Aac.
284 3225 395 3278 Cernat.
410 3242 456 3292 ap.
473 3226 595 3280 caruca.
610 3227 676 3280 ortb.
688 3231 816 3295 p.154,1
837 3241 934 3280 Varroni
948 3226 1035 3279 etiam
1050 3226 1139 3297 [enim

119 3295 204 3351 Rara.
219 3295 273 3377 up]
287 3310 362 3357 placet
374 3327 401 3335 -
413 3311 531 3350 thecam.
550 3297 600 3351 sed
618 3296 718 3351 eadem
737 3297 894 3352 observatio
909 3313 964 3350 non
979 3298 1139 3351 necessaria

119 3369 163 3419 est
184 3367 207 3436 [r
220 3365 337 3490 l1ttcraff.
363 3370 428 3421 sunt
447 3367 522 3420 enim
540 3367 627 3422 verba
643 3368 735 3436 primo
753 3367 815 3422 loco
834 3366 988 3421 rlitteram
1001 3367 1138 3423 habentia

117 3453 175 3490 non
193 3437 285 3490 minus
327 3436 405 3490 atina
424 3455 509 3506 quam
529 3438 642 3493 Graeca.
671 3439 768 3506 itaque
787 3438 887 3493 merito
910 3439 1067 3492 auferemus
1088 3442 1138 3494 aut

102 3507 303 3562 amorehrmus
326 3509 548 3580 aspirationem,
574 3509 665 3565 Roma
686 3510 787 3582 ragina
802 3526 873 3579 rapa
890 3510 994 3564 Rodus.
1032 3512 1066 3576 cf.
1087 3513 1137 3566 Al-

86 3574 140 3628 bin
161 3581 280 3648 camp.
298 3585 426 3650 36215.
