<?xml version="1.0" encoding="UTF-8"?>
<!DOCTYPE html PUBLIC "-//W3C//DTD XHTML 1.0 Transitional//EN"
    "http://www.w3.org/TR/xhtml1/DTD/xhtml1-transitional.dtd">
<html xmlns="http://www.w3.org/1999/xhtml" xml:lang="en" lang="en">
 <head>
  <title>
</title>
<meta http-equiv="Content-Type" content="text/html;charset=utf-8" />
  <meta name='ocr-system' content='tesseract 3.04.00' />
  <meta name='ocr-capabilities' content='ocr_page ocr_carea ocr_par ocr_line ocrx_word'/>
</head>
<body>
  <div class='ocr_page' id='page_1' title='image "./grammaticaeroma01funagoog_0326.png"; bbox 0 0 2422 3840; ppageno 0'>
   <div class='ocr_carea' id='block_1_1' title="bbox 434 173 1095 241">
    <p class='ocr_par' dir='ltr' id='par_1_1' title="bbox 434 173 1095 241">
     <span class='ocr_line' id='line_1_1' title="bbox 434 173 1095 241; baseline 0.014 -13"><span class='ocrx_word' id='word_1_1' title='bbox 434 176 471 230; x_wconf 88' lang='lat' dir='ltr'><strong>M.</strong></span> <span class='ocrx_word' id='word_1_2' title='bbox 490 175 638 241; x_wconf 71' lang='lat' dir='ltr'><strong>Terentius</strong></span> <span class='ocrx_word' id='word_1_3' title='bbox 656 175 744 230; x_wconf 88' lang='lat' dir='ltr'><strong>Varro</strong></span> <span class='ocrx_word' id='word_1_4' title='bbox 1031 173 1095 237; x_wconf 80' lang='grc'><strong>291</strong></span> 
     </span>
    </p>
   </div>
   <div class='ocr_carea' id='block_1_2' title="bbox 506 338 668 423">
    <p class='ocr_par' dir='ltr' id='par_1_2' title="bbox 506 338 668 423">
     <span class='ocr_line' id='line_1_2' title="bbox 506 338 668 423; baseline -0.006 -20"><span class='ocrx_word' id='word_1_5' title='bbox 506 347 573 403; x_wconf 76' lang='lat'><strong>269</strong></span> <span class='ocrx_word' id='word_1_6' title='bbox 598 338 668 423; x_wconf 76' lang='lat'><strong><em>[43]</em></strong></span> 
     </span>
    </p>
   </div>
   <div class='ocr_carea' id='block_1_3' title="bbox 79 450 1124 868">
    <p class='ocr_par' dir='ltr' id='par_1_3' title="bbox 79 450 1124 868">
     <span class='ocr_line' id='line_1_3' title="bbox 146 450 1098 526; baseline -0.004 -15"><span class='ocrx_word' id='word_1_7' title='bbox 146 454 297 511; x_wconf 76' lang='lat' dir='ltr'>lacrumae</span> <span class='ocrx_word' id='word_1_8' title='bbox 325 471 363 509; x_wconf 90' lang='lat' dir='ltr'><strong>an</strong></span> <span class='ocrx_word' id='word_1_9' title='bbox 391 452 545 525; x_wconf 85' lang='lat' dir='ltr'><strong>lacrimae,</strong></span> <span class='ocrx_word' id='word_1_10' title='bbox 575 467 731 509; x_wconf 84' lang='lat' dir='ltr'><strong>maxumus</strong></span> <span class='ocrx_word' id='word_1_11' title='bbox 759 469 797 508; x_wconf 90' lang='lat' dir='ltr'><strong>an</strong></span> <span class='ocrx_word' id='word_1_12' title='bbox 825 451 984 526; x_wconf 85' lang='lat' dir='ltr'><strong>maximus,</strong></span> <span class='ocrx_word' id='word_1_13' title='bbox 998 467 1001 471; x_wconf 76' lang='grc'><em>’</em></span> <span class='ocrx_word' id='word_1_14' title='bbox 1016 453 1045 509; x_wconf 91' lang='lat' dir='ltr'><strong>et</strong></span> <span class='ocrx_word' id='word_1_15' title='bbox 1072 450 1098 508; x_wconf 91' lang='lat' dir='ltr'><strong>si</strong></span> 
     </span>
     <span class='ocr_line' id='line_1_4' title="bbox 80 538 1097 618; baseline -0.004 -18"><span class='ocrx_word' id='word_1_16' title='bbox 80 561 141 618; x_wconf 90' lang='lat' dir='ltr'><strong>qua</strong></span> <span class='ocrx_word' id='word_1_17' title='bbox 159 541 271 600; x_wconf 81' lang='lat' dir='ltr'><strong>similia</strong></span> <span class='ocrx_word' id='word_1_18' title='bbox 293 544 372 615; x_wconf 87' lang='lat' dir='ltr'><strong>sunt,</strong></span> <span class='ocrx_word' id='word_1_19' title='bbox 396 560 454 616; x_wconf 91' lang='lat' dir='ltr'><strong>quo</strong></span> <span class='ocrx_word' id='word_1_20' title='bbox 472 540 560 598; x_wconf 89' lang='lat' dir='ltr'><strong>medo</strong></span> <span class='ocrx_word' id='word_1_21' title='bbox 584 539 673 598; x_wconf 90' lang='lat' dir='ltr'><strong>scribi</strong></span> <span class='ocrx_word' id='word_1_22' title='bbox 692 538 827 613; x_wconf 85' lang='lat' dir='ltr'><strong>debeant,</strong></span> <span class='ocrx_word' id='word_1_23' title='bbox 851 540 1021 615; x_wconf 90' lang='lat' dir='ltr'><strong>quaesitum</strong></span> <span class='ocrx_word' id='word_1_24' title='bbox 1045 543 1097 597; x_wconf 85' lang='lat' dir='ltr'><strong>est.</strong></span> 
     </span>
     <span class='ocr_line' id='line_1_5' title="bbox 81 627 1097 704; baseline -0.005 -15"><span class='ocrx_word' id='word_1_25' title='bbox 81 631 239 690; x_wconf 74' lang='lat' dir='ltr'><strong>Terentius</strong></span> <span class='ocrx_word' id='word_1_26' title='bbox 259 629 356 688; x_wconf 86' lang='lat' dir='ltr'><strong>Varro</strong></span> <span class='ocrx_word' id='word_1_27' title='bbox 379 629 506 689; x_wconf 75' lang='lat' dir='ltr'><strong>tradidit</strong></span> <span class='ocrx_word' id='word_1_28' title='bbox 531 627 685 687; x_wconf 81' lang='lat' dir='ltr'><strong>Caesarem</strong></span> <span class='ocrx_word' id='word_1_29' title='bbox 708 647 762 704; x_wconf 89' lang='lat' dir='ltr'><strong>per</strong></span> <span class='ocrx_word' id='word_1_30' title='bbox 784 630 795 686; x_wconf 91' lang='lat' dir='ltr'><strong>i</strong></span> <span class='ocrx_word' id='word_1_31' title='bbox 819 628 881 686; x_wconf 89' lang='lat' dir='ltr'><strong>eius</strong></span> <span class='ocrx_word' id='word_1_32' title='bbox 904 627 986 687; x_wconf 90' lang='lat' dir='ltr'><strong>modi</strong></span> <span class='ocrx_word' id='word_1_33' title='bbox 1008 627 1097 687; x_wconf 90' lang='lat' dir='ltr'><strong>verba</strong></span> 
     </span>
     <span class='ocr_line' id='line_1_6' title="bbox 81 717 1098 793; baseline -0.004 -15"><span class='ocrx_word' id='word_1_34' title='bbox 81 719 205 779; x_wconf 90' lang='lat' dir='ltr'><strong>solitum</strong></span> <span class='ocrx_word' id='word_1_35' title='bbox 234 737 296 778; x_wconf 87' lang='lat' dir='ltr'><strong>esse</strong></span> <span class='ocrx_word' id='word_1_36' title='bbox 324 719 480 777; x_wconf 85' lang='lat' dir='ltr'><strong>enuntiare</strong></span> <span class='ocrx_word' id='word_1_37' title='bbox 504 721 534 776; x_wconf 97' lang='lat' dir='ltr'><strong>et</strong></span> <span class='ocrx_word' id='word_1_38' title='bbox 557 717 699 791; x_wconf 83' lang='lat' dir='ltr'><strong>scribere;</strong></span> <span class='ocrx_word' id='word_1_39' title='bbox 728 717 797 776; x_wconf 88' lang='lat' dir='ltr'><strong>inde</strong></span> <span class='ocrx_word' id='word_1_40' title='bbox 821 720 943 793; x_wconf 89' lang='lat' dir='ltr'><strong>propter</strong></span> <span class='ocrx_word' id='word_1_41' title='bbox 971 718 1098 776; x_wconf 84' lang='lat' dir='ltr'><strong>auctori·</strong></span> 
     </span>
     <span class='ocr_line' id='line_1_7' title="bbox 79 807 1124 868; baseline -0.004 -1"><span class='ocrx_word' id='word_1_42' title='bbox 79 811 174 868; x_wconf 87' lang='lat' dir='ltr'><strong>tatem</strong></span> <span class='ocrx_word' id='word_1_43' title='bbox 197 808 277 866; x_wconf 88' lang='lat' dir='ltr'><strong>tanti</strong></span> <span class='ocrx_word' id='word_1_44' title='bbox 299 809 358 866; x_wconf 87' lang='lat' dir='ltr'><strong>viri</strong></span> <span class='ocrx_word' id='word_1_45' title='bbox 381 807 624 867; x_wconf 88' lang='lat' dir='ltr'><strong>consuetudinem</strong></span> <span class='ocrx_word' id='word_1_46' title='bbox 647 807 766 865; x_wconf 88' lang='lat' dir='ltr'><strong>factam.</strong></span> <span class='ocrx_word' id='word_1_47' title='bbox 957 855 959 858; x_wconf 93' lang='lat'>.</span> <span class='ocrx_word' id='word_1_48' title='bbox 1112 827 1124 868; x_wconf 78' lang='lat' dir='ltr'><strong>s</strong></span> 
     </span>
    </p>
   </div>
   <div class='ocr_carea' id='block_1_4' title="bbox 80 905 1099 1900">
    <p class='ocr_par' dir='ltr' id='par_1_4' title="bbox 80 905 1099 1900">
     <span class='ocr_line' id='line_1_8' title="bbox 153 905 1098 975; baseline -0.003 -14"><span class='ocrx_word' id='word_1_49' title='bbox 153 909 228 961; x_wconf 76' lang='lat' dir='ltr'><strong>Aac.</strong></span> <span class='ocrx_word' id='word_1_50' title='bbox 250 906 361 961; x_wconf 71' lang='lat' dir='ltr'><strong>Omani.</strong></span> <span class='ocrx_word' id='word_1_51' title='bbox 381 924 426 975; x_wconf 79' lang='lat' dir='ltr'><strong>ap.</strong></span> <span class='ocrx_word' id='word_1_52' title='bbox 447 905 568 962; x_wconf 63' lang='lat' dir='ltr'><strong>Catsiod.</strong></span> <span class='ocrx_word' id='word_1_53' title='bbox 584 906 650 959; x_wconf 64' lang='grc' dir='ltr'><strong>Μὴ.</strong></span> <span class='ocrx_word' id='word_1_54' title='bbox 667 922 696 972; x_wconf 76' lang='lat' dir='ltr'><strong>p.</strong></span> <span class='ocrx_word' id='word_1_55' title='bbox 713 909 825 972; x_wconf 79' lang='lat' dir='ltr'><strong><em>150,1O</em></strong></span> <span class='ocrx_word' id='word_1_56' title='bbox 842 920 955 959; x_wconf 85' lang='lat' dir='ltr'><strong>lacrumae</strong></span> <span class='ocrx_word' id='word_1_57' title='bbox 969 937 996 945; x_wconf 88' lang='lat'>-</span> <span class='ocrx_word' id='word_1_58' title='bbox 1009 919 1098 959; x_wconf 78' lang='lat' dir='ltr'><strong>factam.</strong></span> 
     </span>
     <span class='ocr_line' id='line_1_9' title="bbox 81 974 1099 1047; baseline -0.004 -15"><span class='ocrx_word' id='word_1_59' title='bbox 81 977 129 1032; x_wconf 84' lang='lat' dir='ltr'><strong>sed</strong></span> <span class='ocrx_word' id='word_1_60' title='bbox 145 994 198 1047; x_wconf 81' lang='lat' dir='ltr'><strong>ege</strong></span> <span class='ocrx_word' id='word_1_61' title='bbox 212 978 242 1030; x_wconf 91' lang='lat' dir='ltr'><strong>in</strong></span> <span class='ocrx_word' id='word_1_62' title='bbox 257 977 448 1044; x_wconf 78' lang='lat' dir='ltr'><strong>antiquiorum</strong></span> <span class='ocrx_word' id='word_1_63' title='bbox 462 975 551 1030; x_wconf 88' lang='lat' dir='ltr'><strong>multo</strong></span> <span class='ocrx_word' id='word_1_64' title='bbox 566 974 646 1029; x_wconf 91' lang='lat' dir='ltr'><strong>libris</strong></span> <span class='ocrx_word' id='word_1_65' title='bbox 663 975 738 1047; x_wconf 87' lang='lat' dir='ltr'><strong>[libr.</strong></span> <span class='ocrx_word' id='word_1_66' title='bbox 749 994 785 1030; x_wconf 86' lang='lat' dir='ltr'><strong>m.</strong></span> <span class='ocrx_word' id='word_1_67' title='bbox 796 978 888 1031; x_wconf 83' lang='lat' dir='ltr'><strong>Paris.</strong></span> <span class='ocrx_word' id='word_1_68' title='bbox 901 976 994 1047; x_wconf 76' lang='lat'><strong><em>7495]‚</em></strong></span> <span class='ocrx_word' id='word_1_69' title='bbox 1013 992 1099 1044; x_wconf 90' lang='lat' dir='ltr'><strong>quam</strong></span> 
     </span>
     <span class='ocr_line' id='line_1_10' title="bbox 81 1046 1099 1116; baseline -0.003 -13"><span class='ocrx_word' id='word_1_70' title='bbox 81 1048 167 1103; x_wconf 81' lang='lat' dir='ltr'><strong>Gaius</strong></span> <span class='ocrx_word' id='word_1_71' title='bbox 187 1046 290 1102; x_wconf 80' lang='lat' dir='ltr'><strong>Caesar</strong></span> <span class='ocrx_word' id='word_1_72' title='bbox 308 1050 363 1115; x_wconf 86' lang='lat' dir='ltr'><strong>est,</strong></span> <span class='ocrx_word' id='word_1_73' title='bbox 382 1064 432 1116; x_wconf 91' lang='lat' dir='ltr'><strong>per</strong></span> <span class='ocrx_word' id='word_1_74' title='bbox 449 1065 469 1100; x_wconf 91' lang='lat' dir='ltr'><strong>u</strong></span> <span class='ocrx_word' id='word_1_75' title='bbox 486 1047 620 1116; x_wconf 85' lang='lat' dir='ltr'><strong>pleraque</strong></span> <span class='ocrx_word' id='word_1_76' title='bbox 639 1047 745 1116; x_wconf 90' lang='lat' dir='ltr'><strong>scripta</strong></span> <span class='ocrx_word' id='word_1_77' title='bbox 762 1046 887 1114; x_wconf 84' lang='lat' dir='ltr'><strong>invenie,</strong></span> <span class='ocrx_word' id='word_1_78' title='bbox 907 1049 1037 1115; x_wconf 87' lang='lat' dir='ltr'><strong>optumus</strong></span> <span class='ocrx_word' id='word_1_79' title='bbox 1056 1047 1099 1100; x_wconf 92' lang='lat' dir='ltr'><strong>in·</strong></span> 
     </span>
     <span class='ocr_line' id='line_1_11' title="bbox 80 1118 1098 1188; baseline -0.002 -14"><span class='ocrx_word' id='word_1_80' title='bbox 80 1123 175 1174; x_wconf 88' lang='lat' dir='ltr'><strong>tumus</strong></span> <span class='ocrx_word' id='word_1_81' title='bbox 194 1120 406 1188; x_wconf 81' lang='lat' dir='ltr'><strong>pulcherrumus</strong></span> <span class='ocrx_word' id='word_1_82' title='bbox 425 1118 524 1172; x_wconf 90' lang='lat' dir='ltr'><strong>lubido</strong></span> <span class='ocrx_word' id='word_1_83' title='bbox 541 1118 694 1171; x_wconf 89' lang='lat' dir='ltr'><strong>dicundum</strong></span> <span class='ocrx_word' id='word_1_84' title='bbox 712 1118 875 1172; x_wconf 85' lang='lat' dir='ltr'><strong>faciundum</strong></span> <span class='ocrx_word' id='word_1_85' title='bbox 893 1134 1023 1172; x_wconf 83' lang='lat' dir='ltr'><strong>maxume</strong></span> <span class='ocrx_word' id='word_1_86' title='bbox 1040 1136 1098 1172; x_wconf 89' lang='lat' dir='ltr'><strong>me·</strong></span> 
     </span>
     <span class='ocr_line' id='line_1_12' title="bbox 81 1189 1098 1245; baseline -0.002 -1"><span class='ocrx_word' id='word_1_87' title='bbox 81 1194 247 1245; x_wconf 88' lang='lat' dir='ltr'><strong>numentum</strong></span> <span class='ocrx_word' id='word_1_88' title='bbox 267 1190 437 1244; x_wconf 88' lang='lat' dir='ltr'><strong>contumelia</strong></span> <span class='ocrx_word' id='word_1_89' title='bbox 455 1190 587 1243; x_wconf 86' lang='lat' dir='ltr'><strong>minume.</strong></span> <span class='ocrx_word' id='word_1_90' title='bbox 616 1189 716 1244; x_wconf 89' lang='lat' dir='ltr'><strong>melius</strong></span> <span class='ocrx_word' id='word_1_91' title='bbox 735 1192 829 1242; x_wconf 88' lang='lat' dir='ltr'><strong>tamen</strong></span> <span class='ocrx_word' id='word_1_92' title='bbox 849 1191 939 1242; x_wconf 90' lang='lat' dir='ltr'><strong>estet</strong></span> <span class='ocrx_word' id='word_1_93' title='bbox 958 1189 994 1241; x_wconf 86' lang='lat' dir='ltr'><strong>ad</strong></span> <span class='ocrx_word' id='word_1_94' title='bbox 1012 1207 1098 1243; x_wconf 92' lang='lat' dir='ltr'><strong>enun-</strong></span> 
     </span>
     <span class='ocr_line' id='line_1_13' title="bbox 81 1260 1099 1330; baseline -0.001 -15"><span class='ocrx_word' id='word_1_95' title='bbox 81 1262 210 1315; x_wconf 86' lang='lat' dir='ltr'><strong>tiandum</strong></span> <span class='ocrx_word' id='word_1_96' title='bbox 234 1264 262 1315; x_wconf 91' lang='lat' dir='ltr'><strong>et</strong></span> <span class='ocrx_word' id='word_1_97' title='bbox 286 1263 322 1315; x_wconf 88' lang='lat' dir='ltr'><strong>ad</strong></span> <span class='ocrx_word' id='word_1_98' title='bbox 345 1260 523 1315; x_wconf 86' lang='lat' dir='ltr'><strong>scribendum</strong></span> <span class='ocrx_word' id='word_1_99' title='bbox 542 1260 552 1312; x_wconf 92' lang='lat' dir='ltr'><strong>i</strong></span> <span class='ocrx_word' id='word_1_100' title='bbox 571 1260 696 1314; x_wconf 89' lang='lat' dir='ltr'><strong>litteram</strong></span> <span class='ocrx_word' id='word_1_101' title='bbox 719 1278 770 1330; x_wconf 88' lang='lat' dir='ltr'><strong>pro</strong></span> <span class='ocrx_word' id='word_1_102' title='bbox 793 1278 812 1313; x_wconf 92' lang='lat' dir='ltr'><strong>u</strong></span> <span class='ocrx_word' id='word_1_103' title='bbox 834 1277 951 1329; x_wconf 87' lang='lat' dir='ltr'><strong>ponere,</strong></span> <span class='ocrx_word' id='word_1_104' title='bbox 974 1260 1004 1313; x_wconf 89' lang='lat' dir='ltr'><strong>in</strong></span> <span class='ocrx_word' id='word_1_105' title='bbox 1023 1261 1099 1329; x_wconf 87' lang='lat' dir='ltr'><strong>qued</strong></span> 
     </span>
     <span class='ocr_line' id='line_1_14' title="bbox 80 1332 1099 1398; baseline -0.003 -11"><span class='ocrx_word' id='word_1_106' title='bbox 80 1333 138 1388; x_wconf 88' lang='lat' dir='ltr'><strong>iam</strong></span> <span class='ocrx_word' id='word_1_107' title='bbox 168 1333 339 1387; x_wconf 88' lang='lat' dir='ltr'><strong>consuetude</strong></span> <span class='ocrx_word' id='word_1_108' title='bbox 367 1332 522 1386; x_wconf 86' lang='lat' dir='ltr'><strong>inclinavit.</strong></span> <span class='ocrx_word' id='word_1_109' title='bbox 560 1333 629 1386; x_wconf 82' lang='lat' dir='ltr'><strong>Isid.</strong></span> <span class='ocrx_word' id='word_1_110' title='bbox 653 1349 691 1386; x_wconf 78' lang='lat' dir='ltr'><strong>or.</strong></span> <span class='ocrx_word' id='word_1_111' title='bbox 717 1337 742 1398; x_wconf 85' lang='lat'><strong>1,</strong></span> <span class='ocrx_word' id='word_1_112' title='bbox 760 1336 807 1398; x_wconf 79' lang='lat'><strong>27,</strong></span> <span class='ocrx_word' id='word_1_113' title='bbox 826 1336 861 1386; x_wconf 89' lang='lat'><strong>15</strong></span> <span class='ocrx_word' id='word_1_114' title='bbox 888 1349 1034 1384; x_wconf 88' lang='lat' dir='ltr'><strong>maxumus</strong></span> <span class='ocrx_word' id='word_1_115' title='bbox 1062 1349 1099 1385; x_wconf 88' lang='lat' dir='ltr'><strong>an</strong></span> 
     </span>
     <span class='ocr_line' id='line_1_15' title="bbox 80 1402 1098 1472; baseline 0.001 -16"><span class='ocrx_word' id='word_1_116' title='bbox 80 1405 219 1458; x_wconf 83' lang='lat' dir='ltr'><strong>maximus</strong></span> <span class='ocrx_word' id='word_1_117' title='bbox 239 1409 268 1457; x_wconf 93' lang='lat' dir='ltr'><strong>et</strong></span> <span class='ocrx_word' id='word_1_118' title='bbox 286 1405 310 1457; x_wconf 87' lang='lat' dir='ltr'><strong>si</strong></span> <span class='ocrx_word' id='word_1_119' title='bbox 329 1419 386 1472; x_wconf 84' lang='lat' dir='ltr'><strong>qua</strong></span> <span class='ocrx_word' id='word_1_120' title='bbox 409 1402 513 1456; x_wconf 79' lang='lat' dir='ltr'><strong>similia</strong></span> <span class='ocrx_word' id='word_1_121' title='bbox 536 1405 602 1456; x_wconf 89' lang='lat' dir='ltr'><strong>sunt</strong></span> <span class='ocrx_word' id='word_1_122' title='bbox 620 1403 742 1470; x_wconf 82' lang='lat' dir='ltr'><strong>qualiter</strong></span> <span class='ocrx_word' id='word_1_123' title='bbox 765 1403 850 1457; x_wconf 81' lang='lat' dir='ltr'><strong>scribi</strong></span> <span class='ocrx_word' id='word_1_124' title='bbox 872 1403 996 1456; x_wconf 88' lang='lat' dir='ltr'><strong>debeant</strong></span> <span class='ocrx_word' id='word_1_125' title='bbox 1014 1420 1098 1470; x_wconf 87' lang='lat' dir='ltr'><strong>quae·</strong></span> 
     </span>
     <span class='ocr_line' id='line_1_16' title="bbox 82 1473 1099 1543; baseline -0.001 -15"><span class='ocrx_word' id='word_1_126' title='bbox 82 1476 168 1529; x_wconf 87' lang='lat' dir='ltr'><strong>situm</strong></span> <span class='ocrx_word' id='word_1_127' title='bbox 192 1479 241 1529; x_wconf 88' lang='lat' dir='ltr'><strong>est.</strong></span> <span class='ocrx_word' id='word_1_128' title='bbox 276 1475 363 1529; x_wconf 89' lang='lat' dir='ltr'><strong>Varro</strong></span> <span class='ocrx_word' id='word_1_129' title='bbox 386 1475 507 1528; x_wconf 86' lang='lat' dir='ltr'><strong>tradidit</strong></span> <span class='ocrx_word' id='word_1_130' title='bbox 530 1473 677 1528; x_wconf 85' lang='lat' dir='ltr'><strong>Caesarem</strong></span> <span class='ocrx_word' id='word_1_131' title='bbox 700 1492 750 1543; x_wconf 90' lang='lat' dir='ltr'><strong>per</strong></span> <span class='ocrx_word' id='word_1_132' title='bbox 774 1474 784 1527; x_wconf 93' lang='lat' dir='ltr'><strong>i</strong></span> <span class='ocrx_word' id='word_1_133' title='bbox 807 1474 890 1528; x_wconf 89' lang='lat' dir='ltr'><strong>huius</strong></span> <span class='ocrx_word' id='word_1_134' title='bbox 914 1474 992 1528; x_wconf 90' lang='lat' dir='ltr'><strong>medi</strong></span> <span class='ocrx_word' id='word_1_135' title='bbox 1015 1475 1099 1528; x_wconf 86' lang='lat' dir='ltr'><strong>verba</strong></span> 
     </span>
     <span class='ocr_line' id='line_1_17' title="bbox 83 1545 1098 1615; baseline 0 -17"><span class='ocrx_word' id='word_1_136' title='bbox 83 1547 230 1600; x_wconf 87' lang='lat' dir='ltr'><strong>enuntiare</strong></span> <span class='ocrx_word' id='word_1_137' title='bbox 249 1549 278 1600; x_wconf 89' lang='lat' dir='ltr'><strong>et</strong></span> <span class='ocrx_word' id='word_1_138' title='bbox 297 1546 417 1600; x_wconf 89' lang='lat' dir='ltr'><strong>scribere</strong></span> <span class='ocrx_word' id='word_1_139' title='bbox 437 1545 552 1599; x_wconf 86' lang='lat' dir='ltr'><strong>solitum</strong></span> <span class='ocrx_word' id='word_1_140' title='bbox 570 1562 638 1599; x_wconf 88' lang='lat' dir='ltr'><strong>esse.</strong></span> <span class='ocrx_word' id='word_1_141' title='bbox 676 1545 742 1599; x_wconf 90' lang='lat' dir='ltr'><strong>inde</strong></span> <span class='ocrx_word' id='word_1_142' title='bbox 767 1548 883 1615; x_wconf 85' lang='lat' dir='ltr'><strong>prepter</strong></span> <span class='ocrx_word' id='word_1_143' title='bbox 901 1546 1098 1599; x_wconf 87' lang='lat' dir='ltr'><strong>auctoritatem</strong></span> 
     </span>
     <span class='ocr_line' id='line_1_18' title="bbox 82 1617 1099 1686; baseline 0 -16"><span class='ocrx_word' id='word_1_144' title='bbox 82 1619 157 1671; x_wconf 91' lang='lat' dir='ltr'><strong>tanti</strong></span> <span class='ocrx_word' id='word_1_145' title='bbox 171 1618 225 1671; x_wconf 84' lang='lat' dir='ltr'><strong>viri</strong></span> <span class='ocrx_word' id='word_1_146' title='bbox 240 1617 472 1672; x_wconf 88' lang='lat' dir='ltr'><strong>consuetudinem</strong></span> <span class='ocrx_word' id='word_1_147' title='bbox 485 1617 599 1683; x_wconf 81' lang='lat' dir='ltr'><strong>iactam,</strong></span> <span class='ocrx_word' id='word_1_148' title='bbox 618 1619 651 1670; x_wconf 91' lang='lat' dir='ltr'><strong>ut</strong></span> <span class='ocrx_word' id='word_1_149' title='bbox 669 1617 807 1670; x_wconf 84' lang='lat' dir='ltr'><strong>maximus</strong></span> <span class='ocrx_word' id='word_1_150' title='bbox 822 1617 944 1685; x_wconf 90' lang='lat' dir='ltr'><strong>optimus</strong></span> <span class='ocrx_word' id='word_1_151' title='bbox 961 1617 1099 1686; x_wconf 89' lang='lat' dir='ltr'><strong>pessimus</strong></span> 
     </span>
     <span class='ocr_line' id='line_1_19' title="bbox 83 1688 1099 1756; baseline -0.001 -14"><span class='ocrx_word' id='word_1_152' title='bbox 83 1688 230 1743; x_wconf 79' lang='lat' dir='ltr'><strong>scribatur.</strong></span> <span class='ocrx_word' id='word_1_153' title='bbox 266 1689 300 1755; x_wconf 77' lang='lat' dir='ltr'><strong>cf.</strong></span> <span class='ocrx_word' id='word_1_154' title='bbox 323 1691 423 1744; x_wconf 79' lang='lat' dir='ltr'><strong>Caesar</strong></span> <span class='ocrx_word' id='word_1_155' title='bbox 442 1696 498 1743; x_wconf 83' lang='lat' dir='ltr'><strong>test.</strong></span> <span class='ocrx_word' id='word_1_156' title='bbox 514 1693 557 1741; x_wconf 86' lang='lat'><strong>10.</strong></span> <span class='ocrx_word' id='word_1_157' title='bbox 590 1690 639 1743; x_wconf 82' lang='lat' dir='ltr'><strong>hcc</strong></span> <span class='ocrx_word' id='word_1_158' title='bbox 657 1695 681 1742; x_wconf 82' lang='lat' dir='ltr'><strong>et</strong></span> <span class='ocrx_word' id='word_1_159' title='bbox 699 1705 768 1756; x_wconf 81' lang='lat' dir='ltr'><strong>qaue</strong></span> <span class='ocrx_word' id='word_1_160' title='bbox 786 1695 915 1743; x_wconf 73' lang='lat' dir='ltr'><strong>secantur</strong></span> <span class='ocrx_word' id='word_1_161' title='bbox 932 1689 988 1754; x_wconf 84' lang='lat' dir='ltr'><strong>fere</strong></span> <span class='ocrx_word' id='word_1_162' title='bbox 1006 1691 1099 1743; x_wconf 78' lang='lat' dir='ltr'><strong>emata</strong></span> 
     </span>
     <span class='ocr_line' id='line_1_20' title="bbox 81 1760 1098 1831; baseline -0.003 -16"><span class='ocrx_word' id='word_1_163' title='bbox 81 1762 238 1831; x_wconf 74' lang='lat' dir='ltr'><strong>srapmeata</strong></span> <span class='ocrx_word' id='word_1_164' title='bbox 252 1778 337 1829; x_wconf 76' lang='lat' dir='ltr'><strong>sesque</strong></span> <span class='ocrx_word' id='word_1_165' title='bbox 352 1761 389 1814; x_wconf 86' lang='lat' dir='ltr'><strong>ad</strong></span> <span class='ocrx_word' id='word_1_166' title='bbox 402 1762 438 1826; x_wconf 82' lang='lat' dir='ltr'><strong>fr.</strong></span> <span class='ocrx_word' id='word_1_167' title='bbox 448 1764 504 1814; x_wconf 76' lang='lat'><strong>294</strong></span> <span class='ocrx_word' id='word_1_168' title='bbox 523 1761 554 1813; x_wconf 81' lang='lat' dir='ltr'><strong>ia</strong></span> <span class='ocrx_word' id='word_1_169' title='bbox 569 1760 648 1813; x_wconf 79' lang='lat' dir='ltr'><strong>libris</strong></span> <span class='ocrx_word' id='word_1_170' title='bbox 661 1761 705 1812; x_wconf 85' lang='lat' dir='ltr'><strong>De</strong></span> <span class='ocrx_word' id='word_1_171' title='bbox 719 1776 795 1814; x_wconf 81' lang='lat' dir='ltr'><strong>serm.</strong></span> <span class='ocrx_word' id='word_1_172' title='bbox 811 1760 845 1813; x_wconf 88' lang='lat' dir='ltr'><strong>L.</strong></span> <span class='ocrx_word' id='word_1_173' title='bbox 863 1761 950 1827; x_wconf 79' lang='lat' dir='ltr'><strong>faisse</strong></span> <span class='ocrx_word' id='word_1_174' title='bbox 964 1761 1098 1814; x_wconf 78' lang='lat' dir='ltr'><strong>videatur.</strong></span> 
     </span>
     <span class='ocr_line' id='line_1_21' title="bbox 83 1831 998 1900; baseline -0.002 -14"><span class='ocrx_word' id='word_1_175' title='bbox 83 1835 118 1899; x_wconf 74' lang='lat' dir='ltr'><strong>cs.</strong></span> <span class='ocrx_word' id='word_1_176' title='bbox 136 1832 293 1886; x_wconf 77' lang='lat' dir='ltr'><strong>Wilmaaas</strong></span> <span class='ocrx_word' id='word_1_177' title='bbox 308 1849 337 1900; x_wconf 85' lang='lat' dir='ltr'><strong>p.</strong></span> <span class='ocrx_word' id='word_1_178' title='bbox 352 1835 389 1884; x_wconf 81' lang='lat'><strong>47</strong></span> <span class='ocrx_word' id='word_1_179' title='bbox 394 1849 431 1899; x_wconf 82' lang='lat' dir='ltr'><strong>sq.</strong></span> <span class='ocrx_word' id='word_1_180' title='bbox 447 1835 526 1900; x_wconf 66' lang='lat' dir='ltr'><strong>disq.</strong></span> <span class='ocrx_word' id='word_1_181' title='bbox 547 1838 571 1884; x_wconf 81' lang='lat' dir='ltr'><strong>ct</strong></span> <span class='ocrx_word' id='word_1_182' title='bbox 588 1847 675 1899; x_wconf 81' lang='lat' dir='ltr'><strong>capra</strong></span> <span class='ocrx_word' id='word_1_183' title='bbox 690 1831 780 1898; x_wconf 80' lang='lat' dir='ltr'><strong>praef.</strong></span> <span class='ocrx_word' id='word_1_184' title='bbox 800 1832 837 1884; x_wconf 83' lang='lat' dir='ltr'><strong>ad</strong></span> <span class='ocrx_word' id='word_1_185' title='bbox 855 1832 904 1885; x_wconf 81' lang='lat' dir='ltr'><strong>hoc</strong></span> <span class='ocrx_word' id='word_1_186' title='bbox 922 1847 998 1898; x_wconf 79' lang='lat' dir='ltr'><strong>opas.</strong></span> 
     </span>
    </p>
   </div>
   <div class='ocr_carea' id='block_1_5' title="bbox 83 1927 1169 2150">
    <p class='ocr_par' dir='ltr' id='par_1_5' title="bbox 83 1927 1169 2150">
     <span class='ocr_line' id='line_1_22' title="bbox 156 1927 1099 2008; baseline 0.001 -18"><span class='ocrx_word' id='word_1_187' title='bbox 156 1927 269 1991; x_wconf 66' lang='lat' dir='ltr'><strong>adebd</strong></span> <span class='ocrx_word' id='word_1_188' title='bbox 294 1938 409 2006; x_wconf 81' lang='lat' dir='ltr'><strong>(debent</strong></span> <span class='ocrx_word' id='word_1_189' title='bbox 431 1941 484 2008; x_wconf 79' lang='lat' dir='ltr'><strong>cp.)</strong></span> <span class='ocrx_word' id='word_1_190' title='bbox 509 1939 593 1991; x_wconf 77' lang='lat' dir='ltr'><strong>Bere.</strong></span> <span class='ocrx_word' id='word_1_191' title='bbox 618 1954 658 2008; x_wconf 83' lang='lat' dir='ltr'><strong>cp.</strong></span> <span class='ocrx_word' id='word_1_192' title='bbox 683 1936 800 2002; x_wconf 75' lang='lat' dir='ltr'><strong>debent,</strong></span> <span class='ocrx_word' id='word_1_193' title='bbox 830 1939 928 1992; x_wconf 81' lang='lat' dir='ltr'><strong>emisso</strong></span> <span class='ocrx_word' id='word_1_194' title='bbox 951 1938 1099 2006; x_wconf 77' lang='lat' dir='ltr'><strong>quomode,</strong></span> 
     </span>
     <span class='ocr_line' id='line_1_23' title="bbox 84 2008 1169 2064; baseline 0 -2"><span class='ocrx_word' id='word_1_195' title='bbox 84 2010 197 2063; x_wconf 74' lang='lat' dir='ltr'><strong>Brisaei.</strong></span> <span class='ocrx_word' id='word_1_196' title='bbox 215 2010 319 2064; x_wconf 75' lang='lat' dir='ltr'><strong>Galea:</strong></span> <span class='ocrx_word' id='word_1_197' title='bbox 340 2027 387 2062; x_wconf 78' lang='lat' dir='ltr'><strong>cea</strong></span> <span class='ocrx_word' id='word_1_198' title='bbox 405 2009 502 2064; x_wconf 77' lang='lat' dir='ltr'><strong>Carrio</strong></span> <span class='ocrx_word' id='word_1_199' title='bbox 588 2008 711 2061; x_wconf 87' lang='lat' dir='ltr'><strong>3tradit</strong></span> <span class='ocrx_word' id='word_1_200' title='bbox 727 2010 810 2062; x_wconf 76' lang='lat' dir='ltr'><strong>Bere.</strong></span> <span class='ocrx_word' id='word_1_201' title='bbox 892 2008 1100 2062; x_wconf 73' lang='lat' dir='ltr'><strong>ladnunciare</strong></span> <span class='ocrx_word' id='word_1_202' title='bbox 1167 2046 1169 2051; x_wconf 87' lang='lat'><em>-</em></span> 
     </span>
     <span class='ocr_line' id='line_1_24' title="bbox 83 2080 868 2150; baseline 0 -17"><span class='ocrx_word' id='word_1_203' title='bbox 83 2081 159 2150; x_wconf 91' lang='lat' dir='ltr'><strong>(-tia·</strong></span> <span class='ocrx_word' id='word_1_204' title='bbox 181 2080 283 2149; x_wconf 82' lang='lat' dir='ltr'><strong>Colca.)</strong></span> <span class='ocrx_word' id='word_1_205' title='bbox 304 2083 418 2135; x_wconf 78' lang='lat' dir='ltr'><strong>Braaeel.</strong></span> <span class='ocrx_word' id='word_1_206' title='bbox 439 2081 531 2136; x_wconf 78' lang='lat' dir='ltr'><strong>Cetea.</strong></span> <span class='ocrx_word' id='word_1_207' title='bbox 551 2082 580 2133; x_wconf 89' lang='lat' dir='ltr'><strong>et</strong></span> <span class='ocrx_word' id='word_1_208' title='bbox 599 2081 693 2133; x_wconf 87' lang='lat' dir='ltr'><strong>enunt.</strong></span> <span class='ocrx_word' id='word_1_209' title='bbox 713 2082 782 2134; x_wconf 75' lang='lat' dir='ltr'><strong>cesti.</strong></span> <span class='ocrx_word' id='word_1_210' title='bbox 803 2080 868 2134; x_wconf 79' lang='lat' dir='ltr'><strong>Keil</strong></span> 
     </span>
    </p>
   </div>
   <div class='ocr_carea' id='block_1_6' title="bbox 510 2224 671 2309">
    <p class='ocr_par' dir='ltr' id='par_1_6' title="bbox 510 2224 671 2309">
     <span class='ocr_line' id='line_1_25' title="bbox 510 2224 671 2309; baseline 0 -20"><span class='ocrx_word' id='word_1_211' title='bbox 510 2233 576 2290; x_wconf 75' lang='lat'><strong>270</strong></span> <span class='ocrx_word' id='word_1_212' title='bbox 601 2224 671 2309; x_wconf 73' lang='lat' dir='ltr'><strong>[rs]</strong></span> 
     </span>
    </p>
   </div>
   <div class='ocr_carea' id='block_1_7' title="bbox 83 2337 1125 3124">
    <p class='ocr_par' dir='ltr' id='par_1_7' title="bbox 83 2337 1125 3124">
     <span class='ocr_line' id='line_1_26' title="bbox 151 2337 1099 2414; baseline -0.002 -18"><span class='ocrx_word' id='word_1_213' title='bbox 151 2342 196 2396; x_wconf 89' lang='lat' dir='ltr'><strong>est</strong></span> <span class='ocrx_word' id='word_1_214' title='bbox 211 2337 357 2413; x_wconf 84' lang='lat' dir='ltr'><strong>quaedam</strong></span> <span class='ocrx_word' id='word_1_215' title='bbox 375 2339 478 2396; x_wconf 88' lang='lat' dir='ltr'><strong>littera</strong></span> <span class='ocrx_word' id='word_1_216' title='bbox 496 2339 528 2395; x_wconf 89' lang='lat' dir='ltr'><strong>iu</strong></span> <span class='ocrx_word' id='word_1_217' title='bbox 543 2339 566 2396; x_wconf 64' lang='lat' dir='ltr'><strong><em>J</em></strong></span> <span class='ocrx_word' id='word_1_218' title='bbox 584 2338 703 2396; x_wconf 88' lang='lat' dir='ltr'><strong>litterae</strong></span> <span class='ocrx_word' id='word_1_219' title='bbox 722 2339 850 2412; x_wconf 90' lang='lat' dir='ltr'><strong>speciem</strong></span> <span class='ocrx_word' id='word_1_220' title='bbox 867 2337 1004 2414; x_wconf 85' lang='lat' dir='ltr'><strong>figurata,</strong></span> <span class='ocrx_word' id='word_1_221' title='bbox 1024 2355 1099 2412; x_wconf 86' lang='lat' dir='ltr'><strong>quae</strong></span> 
     </span>
     <span class='ocr_line' id='line_1_27' title="bbox 83 2425 1099 2504; baseline -0.001 -21"><span class='ocrx_word' id='word_1_222' title='bbox 83 2426 235 2502; x_wconf 85' lang='lat' dir='ltr'><strong>digamma</strong></span> <span class='ocrx_word' id='word_1_223' title='bbox 262 2427 441 2501; x_wconf 86' lang='lat' dir='ltr'><strong>nominatur,</strong></span> <span class='ocrx_word' id='word_1_224' title='bbox 473 2428 544 2501; x_wconf 90' lang='lat' dir='ltr'><strong>quia</strong></span> <span class='ocrx_word' id='word_1_225' title='bbox 567 2427 640 2485; x_wconf 90' lang='lat' dir='ltr'><strong>duos</strong></span> <span class='ocrx_word' id='word_1_226' title='bbox 669 2427 766 2501; x_wconf 90' lang='lat' dir='ltr'><strong>apices</strong></span> <span class='ocrx_word' id='word_1_227' title='bbox 791 2445 825 2484; x_wconf 83' lang='lat' dir='ltr'><strong>ex</strong></span> <span class='ocrx_word' id='word_1_228' title='bbox 849 2445 968 2504; x_wconf 88' lang='lat' dir='ltr'><strong>gamma</strong></span> <span class='ocrx_word' id='word_1_229' title='bbox 997 2425 1099 2484; x_wconf 86' lang='lat' dir='ltr'><strong>littera</strong></span> 
     </span>
     <span class='ocr_line' id='line_1_28' title="bbox 83 2515 1099 2574; baseline -0.002 -1"><span class='ocrx_word' id='word_1_230' title='bbox 83 2515 192 2574; x_wconf 86' lang='lat' dir='ltr'><strong>habere</strong></span> <span class='ocrx_word' id='word_1_231' title='bbox 216 2516 360 2574; x_wconf 88' lang='lat' dir='ltr'><strong>videatur.</strong></span> <span class='ocrx_word' id='word_1_232' title='bbox 406 2515 443 2574; x_wconf 92' lang='lat' dir='ltr'><strong>ad</strong></span> <span class='ocrx_word' id='word_1_233' title='bbox 466 2516 553 2574; x_wconf 92' lang='lat' dir='ltr'><strong>huius</strong></span> <span class='ocrx_word' id='word_1_234' title='bbox 578 2515 800 2573; x_wconf 87' lang='lat' dir='ltr'><strong>similitudinem</strong></span> <span class='ocrx_word' id='word_1_235' title='bbox 827 2516 891 2573; x_wconf 91' lang='lat' dir='ltr'><strong>soni</strong></span> <span class='ocrx_word' id='word_1_236' title='bbox 915 2515 1010 2574; x_wconf 90' lang='lat' dir='ltr'><strong>nostri</strong></span> <span class='ocrx_word' id='word_1_237' title='bbox 1032 2533 1099 2573; x_wconf 91' lang='lat' dir='ltr'><strong>con·</strong></span> 
     </span>
     <span class='ocr_line' id='line_1_29' title="bbox 84 2604 1100 2682; baseline -0.001 -20"><span class='ocrx_word' id='word_1_238' title='bbox 84 2605 202 2662; x_wconf 86' lang='lat' dir='ltr'><strong>iunctus</strong></span> <span class='ocrx_word' id='word_1_239' title='bbox 235 2605 352 2663; x_wconf 90' lang='lat' dir='ltr'><strong>vocales</strong></span> <span class='ocrx_word' id='word_1_240' title='bbox 385 2605 555 2682; x_wconf 86' lang='lat' dir='ltr'><strong>digammon</strong></span> <span class='ocrx_word' id='word_1_241' title='bbox 593 2605 745 2680; x_wconf 87' lang='lat' dir='ltr'><strong>appellare</strong></span> <span class='ocrx_word' id='word_1_242' title='bbox 781 2604 952 2678; x_wconf 83' lang='lat' dir='ltr'><strong>volucrunt,</strong></span> <span class='ocrx_word' id='word_1_243' title='bbox 990 2606 1024 2661; x_wconf 88' lang='lat' dir='ltr'><strong>ut</strong></span> <span class='ocrx_word' id='word_1_244' title='bbox 1055 2607 1100 2661; x_wconf 90' lang='lat' dir='ltr'><strong>est</strong></span> 
     </span>
     <span class='ocr_line' id='line_1_30' title="bbox 84 2693 1125 2771; baseline -0.002 -18"><span class='ocrx_word' id='word_1_245' title='bbox 84 2696 190 2753; x_wconf 90' lang='lat' dir='ltr'><strong>votum</strong></span> <span class='ocrx_word' id='word_1_246' title='bbox 203 2694 297 2771; x_wconf 80' lang='lat' dir='ltr'><strong>virgo.</strong></span> <span class='ocrx_word' id='word_1_247' title='bbox 334 2694 438 2769; x_wconf 90' lang='lat' dir='ltr'><strong>itaque</strong></span> <span class='ocrx_word' id='word_1_248' title='bbox 456 2695 488 2751; x_wconf 89' lang='lat' dir='ltr'><strong>in</strong></span> <span class='ocrx_word' id='word_1_249' title='bbox 507 2695 604 2768; x_wconf 90' lang='lat' dir='ltr'><strong>prima</strong></span> <span class='ocrx_word' id='word_1_250' title='bbox 623 2693 739 2768; x_wconf 86' lang='lat' dir='ltr'><strong>syllaba</strong></span> <span class='ocrx_word' id='word_1_251' title='bbox 753 2693 903 2770; x_wconf 82' lang='lat' dir='ltr'><strong>digamma</strong></span> <span class='ocrx_word' id='word_1_252' title='bbox 918 2695 947 2751; x_wconf 90' lang='lat' dir='ltr'><strong>ct</strong></span> <span class='ocrx_word' id='word_1_253' title='bbox 965 2693 1099 2751; x_wconf 84' lang='lat' dir='ltr'><strong>vocalem</strong></span> <span class='ocrx_word' id='word_1_254' title='bbox 1114 2711 1125 2751; x_wconf 81' lang='lat'>⁵</span> 
     </span>
     <span class='ocr_line' id='line_1_31' title="bbox 85 2781 1100 2860; baseline -0.001 -20"><span class='ocrx_word' id='word_1_255' title='bbox 85 2785 219 2857; x_wconf 88' lang='lat' dir='ltr'><strong>oportuit</strong></span> <span class='ocrx_word' id='word_1_256' title='bbox 245 2785 330 2857; x_wconf 82' lang='lat' dir='ltr'><strong>peni,</strong></span> <span class='ocrx_word' id='word_1_257' title='bbox 359 2784 467 2841; x_wconf 64' lang='lat' dir='ltr'><strong>fctum</strong></span> <span class='ocrx_word' id='word_1_258' title='bbox 493 2784 600 2860; x_wconf 64' lang='lat' dir='ltr'><strong>firgo,</strong></span> <span class='ocrx_word' id='word_1_259' title='bbox 632 2783 711 2857; x_wconf 91' lang='lat' dir='ltr'><strong>quod</strong></span> <span class='ocrx_word' id='word_1_260' title='bbox 735 2785 766 2840; x_wconf 90' lang='lat' dir='ltr'><strong>ct</strong></span> <span class='ocrx_word' id='word_1_261' title='bbox 787 2781 886 2840; x_wconf 89' lang='lat' dir='ltr'><strong>Aeolii</strong></span> <span class='ocrx_word' id='word_1_262' title='bbox 913 2782 1047 2840; x_wconf 85' lang='lat' dir='ltr'><strong>fecerunt</strong></span> <span class='ocrx_word' id='word_1_263' title='bbox 1070 2785 1100 2839; x_wconf 90' lang='lat' dir='ltr'><strong>et</strong></span> 
     </span>
     <span class='ocr_line' id='line_1_32' title="bbox 85 2870 1098 2946; baseline -0.003 -15"><span class='ocrx_word' id='word_1_264' title='bbox 85 2873 202 2946; x_wconf 88' lang='lat' dir='ltr'><strong>antiqui</strong></span> <span class='ocrx_word' id='word_1_265' title='bbox 216 2873 319 2945; x_wconf 85' lang='lat' dir='ltr'><strong>nostri,</strong></span> <span class='ocrx_word' id='word_1_266' title='bbox 340 2874 416 2930; x_wconf 88' lang='lat' dir='ltr'><strong>sicut</strong></span> <span class='ocrx_word' id='word_1_267' title='bbox 430 2873 576 2945; x_wconf 89' lang='lat' dir='ltr'><strong>scriptura</strong></span> <span class='ocrx_word' id='word_1_268' title='bbox 590 2873 622 2929; x_wconf 90' lang='lat' dir='ltr'><strong>in</strong></span> <span class='ocrx_word' id='word_1_269' title='bbox 637 2871 814 2946; x_wconf 89' lang='lat' dir='ltr'><strong>quibusdam</strong></span> <span class='ocrx_word' id='word_1_270' title='bbox 832 2870 942 2929; x_wconf 88' lang='lat' dir='ltr'><strong>libellis</strong></span> <span class='ocrx_word' id='word_1_271' title='bbox 959 2870 1098 2929; x_wconf 87' lang='lat' dir='ltr'><strong>declarat.</strong></span> 
     </span>
     <span class='ocr_line' id='line_1_33' title="bbox 84 2959 1100 3034; baseline -0.001 -17"><span class='ocrx_word' id='word_1_272' title='bbox 84 2960 162 3018; x_wconf 88' lang='lat' dir='ltr'><strong>hanc</strong></span> <span class='ocrx_word' id='word_1_273' title='bbox 184 2961 318 3019; x_wconf 86' lang='lat' dir='ltr'><strong>litteram</strong></span> <span class='ocrx_word' id='word_1_274' title='bbox 342 2961 496 3018; x_wconf 85' lang='lat' dir='ltr'><strong>Terentius</strong></span> <span class='ocrx_word' id='word_1_275' title='bbox 521 2959 616 3017; x_wconf 87' lang='lat' dir='ltr'><strong>Varro</strong></span> <span class='ocrx_word' id='word_1_276' title='bbox 640 2960 710 3016; x_wconf 91' lang='lat' dir='ltr'><strong>dum</strong></span> <span class='ocrx_word' id='word_1_277' title='bbox 733 2961 799 3018; x_wconf 84' lang='lat' dir='ltr'><strong>vult</strong></span> <span class='ocrx_word' id='word_1_278' title='bbox 822 2959 1033 3034; x_wconf 85' lang='lat' dir='ltr'><strong>demonstrare,</strong></span> <span class='ocrx_word' id='word_1_279' title='bbox 1055 2962 1100 3016; x_wconf 90' lang='lat' dir='ltr'><strong>ita</strong></span> 
     </span>
     <span class='ocr_line' id='line_1_34' title="bbox 83 3049 337 3124; baseline 0 -18"><span class='ocrx_word' id='word_1_280' title='bbox 83 3049 249 3124; x_wconf 86' lang='lat' dir='ltr'><strong>perscribit,</strong></span> <span class='ocrx_word' id='word_1_281' title='bbox 271 3069 337 3108; x_wconf 84' lang='lat' dir='ltr'><strong>vau.</strong></span> 
     </span>
    </p>
   </div>
   <div class='ocr_carea' id='block_1_8' title="bbox 58 3147 1161 3649">
    <p class='ocr_par' dir='ltr' id='par_1_8' title="bbox 58 3147 1161 3649">
     <span class='ocr_line' id='line_1_35' title="bbox 157 3147 1100 3216; baseline -0.001 -16"><span class='ocrx_word' id='word_1_282' title='bbox 157 3150 232 3202; x_wconf 79' lang='lat' dir='ltr'><strong>Ana.</strong></span> <span class='ocrx_word' id='word_1_283' title='bbox 254 3147 365 3201; x_wconf 75' lang='lat' dir='ltr'><strong>Cernat.</strong></span> <span class='ocrx_word' id='word_1_284' title='bbox 385 3165 430 3216; x_wconf 78' lang='lat' dir='ltr'><strong>ap.</strong></span> <span class='ocrx_word' id='word_1_285' title='bbox 452 3148 572 3202; x_wconf 60' lang='lat' dir='ltr'><strong>Cassiod.</strong></span> <span class='ocrx_word' id='word_1_286' title='bbox 591 3164 620 3215; x_wconf 77' lang='lat' dir='ltr'><strong>p.</strong></span> <span class='ocrx_word' id='word_1_287' title='bbox 641 3149 735 3213; x_wconf 74' lang='grc'><strong><em>148,5</em></strong></span> <span class='ocrx_word' id='word_1_288' title='bbox 762 3164 795 3200; x_wconf 86' lang='lat' dir='ltr'><strong>est</strong></span> <span class='ocrx_word' id='word_1_289' title='bbox 812 3161 922 3208; x_wconf 85' lang='lat' dir='ltr'><strong>quaedam</strong></span> <span class='ocrx_word' id='word_1_290' title='bbox 935 3178 962 3185; x_wconf 90' lang='lat'>—</span> <span class='ocrx_word' id='word_1_291' title='bbox 978 3161 1100 3210; x_wconf 85' lang='lat' dir='ltr'><strong>perscribit,</strong></span> 
     </span>
     <span class='ocr_line' id='line_1_36' title="bbox 84 3217 1100 3287; baseline -0.003 -15"><span class='ocrx_word' id='word_1_292' title='bbox 84 3244 135 3272; x_wconf 75' lang='lat' dir='ltr'><strong>vau.</strong></span> <span class='ocrx_word' id='word_1_293' title='bbox 168 3220 256 3273; x_wconf 79' lang='lat' dir='ltr'><strong>Prisc.</strong></span> <span class='ocrx_word' id='word_1_294' title='bbox 268 3237 296 3286; x_wconf 83' lang='lat' dir='ltr'><strong>p.</strong></span> <span class='ocrx_word' id='word_1_295' title='bbox 313 3224 384 3286; x_wconf 75' lang='lat'><strong><em>15,1</em></strong></span> <span class='ocrx_word' id='word_1_296' title='bbox 405 3237 422 3272; x_wconf 90' lang='lat' dir='ltr'><strong>u</strong></span> <span class='ocrx_word' id='word_1_297' title='bbox 437 3233 500 3272; x_wconf 88' lang='lat' dir='ltr'><strong>vero</strong></span> <span class='ocrx_word' id='word_1_298' title='bbox 515 3217 575 3272; x_wconf 90' lang='lat' dir='ltr'><strong>leco</strong></span> <span class='ocrx_word' id='word_1_299' title='bbox 590 3218 769 3272; x_wconf 88' lang='lat' dir='ltr'><strong>consonantis</strong></span> <span class='ocrx_word' id='word_1_300' title='bbox 782 3218 877 3287; x_wconf 88' lang='lat' dir='ltr'><strong>posita</strong></span> <span class='ocrx_word' id='word_1_301' title='bbox 891 3218 1008 3271; x_wconf 85' lang='lat' dir='ltr'><strong>eandem</strong></span> <span class='ocrx_word' id='word_1_302' title='bbox 1022 3233 1100 3285; x_wconf 91' lang='lat' dir='ltr'><strong>pror-</strong></span> 
     </span>
     <span class='ocr_line' id='line_1_37' title="bbox 86 3288 1101 3359; baseline -0.002 -17"><span class='ocrx_word' id='word_1_303' title='bbox 86 3307 132 3342; x_wconf 88' lang='lat' dir='ltr'><strong>sus</strong></span> <span class='ocrx_word' id='word_1_304' title='bbox 156 3289 186 3342; x_wconf 92' lang='lat' dir='ltr'><strong>in</strong></span> <span class='ocrx_word' id='word_1_305' title='bbox 210 3290 339 3343; x_wconf 89' lang='lat' dir='ltr'><strong>omnibus</strong></span> <span class='ocrx_word' id='word_1_306' title='bbox 362 3290 419 3344; x_wconf 88' lang='lat' dir='ltr'><strong>vim</strong></span> <span class='ocrx_word' id='word_1_307' title='bbox 442 3289 544 3343; x_wconf 90' lang='lat' dir='ltr'><strong>habuit</strong></span> <span class='ocrx_word' id='word_1_308' title='bbox 567 3290 643 3359; x_wconf 89' lang='lat' dir='ltr'><strong>apud</strong></span> <span class='ocrx_word' id='word_1_309' title='bbox 665 3289 781 3343; x_wconf 88' lang='lat' dir='ltr'><strong>Latinos</strong></span> <span class='ocrx_word' id='word_1_310' title='bbox 804 3306 889 3356; x_wconf 88' lang='lat' dir='ltr'><strong>quam</strong></span> <span class='ocrx_word' id='word_1_311' title='bbox 910 3289 986 3358; x_wconf 88' lang='lat' dir='ltr'><strong>apud</strong></span> <span class='ocrx_word' id='word_1_312' title='bbox 1005 3288 1101 3341; x_wconf 81' lang='lat' dir='ltr'><strong>Aeolis</strong></span> 
     </span>
     <span class='ocr_line' id='line_1_38' title="bbox 58 3359 1100 3430; baseline -0.001 -18"><span class='ocrx_word' id='word_1_313' title='bbox 58 3419 60 3422; x_wconf 8' lang='grc' dir='ltr'><em>Α</em></span> <span class='ocrx_word' id='word_1_314' title='bbox 86 3361 242 3430; x_wconf 81' lang='lat' dir='ltr'><strong>digamma3</strong></span> <span class='ocrx_word' id='word_1_315' title='bbox 266 3362 341 3415; x_wconf 89' lang='lat' dir='ltr'><strong>unde</strong></span> <span class='ocrx_word' id='word_1_316' title='bbox 364 3379 381 3413; x_wconf 93' lang='lat' dir='ltr'><strong>a</strong></span> <span class='ocrx_word' id='word_1_317' title='bbox 405 3360 547 3430; x_wconf 87' lang='lat' dir='ltr'><strong>plerisque</strong></span> <span class='ocrx_word' id='word_1_318' title='bbox 570 3362 596 3414; x_wconf 89' lang='lat' dir='ltr'><strong>ei</strong></span> <span class='ocrx_word' id='word_1_319' title='bbox 619 3377 719 3414; x_wconf 89' lang='lat' dir='ltr'><strong>nemen</strong></span> <span class='ocrx_word' id='word_1_320' title='bbox 743 3362 796 3414; x_wconf 90' lang='lat' dir='ltr'><strong>hoc</strong></span> <span class='ocrx_word' id='word_1_321' title='bbox 815 3361 907 3426; x_wconf 80' lang='lat' dir='ltr'><strong>datur,</strong></span> <span class='ocrx_word' id='word_1_322' title='bbox 930 3359 1006 3427; x_wconf 89' lang='lat' dir='ltr'><strong>quod</strong></span> <span class='ocrx_word' id='word_1_323' title='bbox 1025 3359 1100 3428; x_wconf 92' lang='lat' dir='ltr'><strong>apud</strong></span> 
     </span>
     <span class='ocr_line' id='line_1_39' title="bbox 86 3431 1114 3501; baseline -0.008 -17"><span class='ocrx_word' id='word_1_324' title='bbox 86 3431 181 3484; x_wconf 89' lang='lat' dir='ltr'><strong>Aeolis</strong></span> <span class='ocrx_word' id='word_1_325' title='bbox 206 3433 306 3486; x_wconf 88' lang='lat' dir='ltr'><strong>babuit</strong></span> <span class='ocrx_word' id='word_1_326' title='bbox 331 3432 399 3486; x_wconf 89' lang='lat' dir='ltr'><strong>clim</strong></span> <span class='ocrx_word' id='word_1_327' title='bbox 423 3433 446 3486; x_wconf 70' lang='lat' dir='ltr'><em>f</em></span> <span class='ocrx_word' id='word_1_328' title='bbox 472 3433 615 3501; x_wconf 83' lang='lat' dir='ltr'><strong>digamma</strong></span> <span class='ocrx_word' id='word_1_329' title='bbox 640 3432 670 3485; x_wconf 90' lang='lat' dir='ltr'><strong>id</strong></span> <span class='ocrx_word' id='word_1_330' title='bbox 696 3434 739 3484; x_wconf 89' lang='lat' dir='ltr'><strong>est</strong></span> <span class='ocrx_word' id='word_1_331' title='bbox 760 3449 830 3497; x_wconf 53' lang='lat' dir='ltr'><strong>vau„</strong></span> <span class='ocrx_word' id='word_1_332' title='bbox 859 3431 895 3484; x_wconf 91' lang='lat' dir='ltr'><strong>ab</strong></span> <span class='ocrx_word' id='word_1_333' title='bbox 919 3431 1017 3498; x_wconf 73' lang='lat' dir='ltr'><strong>ipsius</strong></span> <span class='ocrx_word' id='word_1_334' title='bbox 1036 3444 1114 3479; x_wconf 64' lang='lat' dir='ltr'><strong>sese</strong></span> 
     </span>
     <span class='ocr_line' id='line_1_40' title="bbox 85 3503 1144 3578; baseline -0.015 -22"><span class='ocrx_word' id='word_1_335' title='bbox 85 3503 243 3572; x_wconf 89' lang='lat' dir='ltr'><strong>profectum</strong></span> <span class='ocrx_word' id='word_1_336' title='bbox 267 3506 340 3558; x_wconf 88' lang='lat' dir='ltr'><strong>teste</strong></span> <span class='ocrx_word' id='word_1_337' title='bbox 366 3505 490 3558; x_wconf 89' lang='lat' dir='ltr'><strong>Varrone</strong></span> <span class='ocrx_word' id='word_1_338' title='bbox 517 3505 545 3558; x_wconf 93' lang='lat' dir='ltr'><strong>et</strong></span> <span class='ocrx_word' id='word_1_339' title='bbox 570 3503 711 3576; x_wconf 58' lang='lat' dir='ltr'><strong>Didyme„</strong></span> <span class='ocrx_word' id='word_1_340' title='bbox 739 3503 851 3574; x_wconf 77' lang='lat' dir='ltr'><strong>quiid</strong></span> <span class='ocrx_word' id='word_1_341' title='bbox 877 3503 909 3555; x_wconf 71' lang='lat' dir='ltr'><strong>ei</strong></span> <span class='ocrx_word' id='word_1_342' title='bbox 929 3512 1046 3552; x_wconf 74' lang='lat' dir='ltr'><strong>nemen</strong></span> <span class='ocrx_word' id='word_1_343' title='bbox 1067 3506 1144 3578; x_wconf 49' lang='lat' dir='ltr'><strong>eseeN</strong></span> 
     </span>
     <span class='ocr_line' id='line_1_41' title="bbox 85 3558 1161 3649; baseline -0.009 -21"><span class='ocrx_word' id='word_1_344' title='bbox 85 3574 240 3628; x_wconf 87' lang='lat' dir='ltr'><strong>ostendunt.</strong></span> <span class='ocrx_word' id='word_1_345' title='bbox 260 3576 296 3641; x_wconf 59' lang='grc' dir='ltr'><strong>σί</strong></span> <span class='ocrx_word' id='word_1_346' title='bbox 309 3576 401 3645; x_wconf 64' lang='lat' dir='ltr'><strong>Queat.</strong></span> <span class='ocrx_word' id='word_1_347' title='bbox 418 3584 445 3645; x_wconf 84' lang='lat'><strong>1,</strong></span> <span class='ocrx_word' id='word_1_348' title='bbox 460 3581 485 3646; x_wconf 76' lang='grc'><strong>4,</strong></span> <span class='ocrx_word' id='word_1_349' title='bbox 503 3583 528 3634; x_wconf 87' lang='lat'><strong>7.</strong></span> <span class='ocrx_word' id='word_1_350' title='bbox 544 3584 593 3649; x_wconf 78' lang='lat'><strong>12,</strong></span> <span class='ocrx_word' id='word_1_351' title='bbox 609 3585 656 3648; x_wconf 88' lang='lat'><strong>10,</strong></span> <span class='ocrx_word' id='word_1_352' title='bbox 672 3584 720 3635; x_wconf 80' lang='lat'><strong>29.</strong></span> <span class='ocrx_word' id='word_1_353' title='bbox 743 3579 826 3634; x_wconf 74' lang='lat' dir='ltr'><strong>Dea.</strong></span> <span class='ocrx_word' id='word_1_354' title='bbox 842 3576 912 3629; x_wconf 78' lang='lat' dir='ltr'><strong>Ter.</strong></span> <span class='ocrx_word' id='word_1_355' title='bbox 925 3558 1129 3625; x_wconf 49' lang='lat' dir='ltr'><strong>auda-1322</strong></span> <span class='ocrx_word' id='word_1_356' title='bbox 1154 3589 1161 3599; x_wconf 76' lang='lat'>=</span> 
     </span>
    </p>
   </div>
   <div class='ocr_carea' id='block_1_9' title="bbox 878 3676 939 3724">
    <p class='ocr_par' dir='ltr' id='par_1_9' title="bbox 878 3676 939 3724">
     <span class='ocr_line' id='line_1_42' title="bbox 878 3676 939 3724; baseline -0.016 0"><span class='ocrx_word' id='word_1_357' title='bbox 878 3676 939 3724; x_wconf 56' lang='lat' dir='ltr'><strong>ib*</strong></span> 
     </span>
    </p>
   </div>
   <div class='ocr_carea' id='block_1_10' title="bbox 0 0 1221 3840">
    <p class='ocr_par' dir='ltr' id='par_1_10' title="bbox 0 0 1221 3840">
     <span class='ocr_line' id='line_1_43' title="bbox 0 0 1221 3840; baseline 0 0"><span class='ocrx_word' id='word_1_358' title='bbox 0 0 1221 3840; x_wconf 95' lang='lat' dir='ltr'><strong> </strong></span> 
     </span>
    </p>
   </div>
  </div>
 </body>
</html>
