2422 3840
160 165 225 228 496
326 164 533 220 Grammaticae
552 166 653 219 aetatis
672 167 834 235 Augusteue
853 166 1012 236 fragmenta

160 333 417 393 Praetextatus
441 335 576 393 nobilis
601 337 880 411 grammaticus
904 334 1091 406 Latinus,
1117 334 1180 391 de-

161 424 415 482 clamantium
452 424 582 481 deinde
620 422 767 482 auditor
803 425 911 499 atque
947 426 1179 498 praeceptor,

161 512 204 570 ad
227 531 407 571 summam
429 513 645 590 Philologus
669 512 710 571 ab
735 515 846 571 semet
868 514 1082 571 nominatus.

231 610 303 665 Snet.
323 612 355 665 de
373 617 538 680 praeeram
557 611 592 663 de
611 611 709 664 eodem
729 611 775 681 [L.
790 613 871 665 Ateio
889 609 1044 680 Philolcpo]
1063 610 1179 662 Asinius

159 680 250 734 Pollio
265 681 295 734 in
313 681 394 749 libro,
414 699 468 748 quo
484 681 612 735 Sallustii
631 682 736 750 scripta
754 682 936 750 reprehendit
953 684 986 734 ut
1004 681 1093 734 nimia
1107 682 1179 749 pria-

160 769 254 806 comm
268 752 415 806 verborum
430 752 609 807 affectatione
624 752 722 817 oblita,
741 753 783 806 ita
796 754 898 806 tradit:
917 768 941 806 in
955 779 1004 806 eam
1017 778 1063 806 rom
1073 767 1180 807 -nomi-

159 841 231 879 naen.
263 824 298 889 cf.
323 826 418 892 Pomp.
438 826 566 879 Lenaeus
584 831 639 878 test.
655 830 679 878 4.
718 826 862 895 Anpnstns
885 842 929 892 op.
949 825 1021 879 Snet.
1041 825 1115 894 Any.
1133 829 1178 878 86.

231 955 246 1002 2
267 948 381 1016 quidem
399 949 487 1003 John:
508 948 623 1016 quidam

437 1215 635 1269 EPISTULAE
655 1215 704 1268 AD
723 1213 821 1267 PLAN
823 1213 899 1268 CUM

231 1365 322 1413 nnnrn
345 1359 411 1413 haee
433 1359 550 1426 epistula
573 1375 591 1411 α
614 1359 683 1412 lehre
705 1361 843 1427 superiore
865 1358 1060 1427 distinpnenda
1083 1359 1178 1411 sitan

159 1447 224 1495 nen,
242 1432 330 1485 variis
349 1431 490 1485 sententiis
508 1430 680 1498 disputatum
697 1436 749 1495 est;
769 1431 862 1498 potnit
884 1437 974 1483 terren
994 1430 1061 1482 liber
1078 1431 1125 1482 ille
1144 1447 1178 1482 err

159 1503 285 1568 epistulis
297 1503 335 1556 ad
349 1503 499 1568 enemplnrn
513 1501 608 1556 Sinnii
623 1502 766 1570 Capitonis
780 1503 824 1570 (cf.
835 1503 932 1569 snpra)
947 1507 1076 1554 constare.
1106 1503 1176 1554 eins-

159 1574 219 1631 den
238 1575 392 1646 arpnmenti
410 1579 448 1626 est
464 1574 500 1638 fr.
516 1577 559 1625 12.

657 1742 680 1800 2

226 1865 332 1923 Asinio
351 1865 480 1943 Pollioni
503 1867 535 1922 in
554 1864 684 1940 quadam
703 1865 841 1939 epistula,
866 1882 956 1939 quam
974 1863 1012 1921 ad
1031 1864 1176 1922 Plancum

160 1956 289 2028 scripsit,
320 1957 350 2013 et
377 1954 554 2029 quibusdam
585 1954 653 2012 aliis
679 1952 709 2012 0.
734 1953 877 2012 Sallustio
907 1955 1019 2027 iniquis
1050 1952 1175 2028 dignum

159 2046 233 2102 nota
246 2045 344 2102 visum
359 2045 411 2116 est,
431 2043 510 2118 quod
528 2045 560 2100 in
578 2045 675 2116 primo
694 2042 887 2100 historiarum
903 2045 994 2100 maris
1013 2044 1175 2100 transitum

158 2134 426 2206 transmissumque
458 2132 583 2190 navibus
613 2133 726 2190 factum
756 2134 975 2208 transgressum
1008 2131 1175 2206 appellavit

133 2237 278 2296 seosque,
306 2224 360 2297 qui
382 2223 492 2279 fretum
520 2222 756 2293 transmiserant,
785 2239 858 2295 quos
881 2221 1090 2279 transfretasse
1115 2221 1174 2278 dici

159 2311 283 2369 solitum
307 2314 360 2385 est,
383 2313 584 2386 transgressos
608 2310 691 2368 dixit.
733 2309 824 2367 verba
847 2311 914 2384 ipsa
938 2308 1064 2366 Sallusti
1086 2312 1174 2385 posui

160 2393 210 2477 [fr.
233 2404 260 2468 1,
278 2393 425 2477 rerinl:
449 2393 563 2473 ‘itaque
588 2397 735 2456 Sertorius
758 2399 818 2456 levi
841 2398 990 2472 praesidio
1013 2399 1118 2457 relicto
1142 2400 1174 2456 in

158 2488 348 2547 Mauretama
376 2490 501 2546 nanctus
525 2488 680 2546 obscuram
708 2489 825 2544 noctem
849 2489 933 2545 aestu
959 2486 1088 2545 secundo
1112 2487 1173 2544 fur-

158 2579 214 2634 tim
238 2581 291 2635 aut
314 2579 465 2635 celeritate
487 2579 584 2634 vitare
612 2576 757 2652 proelium
780 2578 812 2633 in
834 2579 1021 2652 transgressu
1049 2581 1172 2635 conatus

119 2683 145 2725 ro
159 2661 224 2724 est’.
270 2685 305 2724 ae
329 2666 433 2724 deinde
456 2667 535 2723 infra
558 2668 604 2724 ita
626 2667 745 2739 scripsit
770 2658 1039 2742 [sr.1,105M.]:
1064 2660 1172 2724 ‘trans-

158 2773 274 2831 gressos
299 2757 393 2813 omnis
416 2756 525 2830 recipit
547 2773 631 2813 mons
655 2757 830 2828 praeceptus
855 2772 873 2811 a
896 2749 1069 2812 Lusitanis'.
1117 2755 1173 2812 hoc

158 2845 252 2921 igitur
279 2846 309 2901 et
334 2846 431 2902 minus
461 2846 581 2918 proprie
609 2846 639 2901 et
668 2840 884 2919 ἀπερισκέπτως
914 2845 944 2900 et
971 2843 1053 2900 nullo
1085 2846 1173 2919 gravi

160 2936 278 2991 auctore
318 2933 430 2991 dictum
468 2932 560 2990 aiunt.
620 2951 689 2990 nam
730 2934 979 3008 transgressus
1016 2933 1117 3006 inquit
1155 2952 1172 2989 a

158 3021 459 3099 transgrediendo
489 3021 626 3080 dicitur
653 3022 760 3095 idque
789 3020 905 3094 ipsum
933 3020 975 3077 ab
1003 3021 1172 3096 ingressu

119 3127 143 3167 n
159 3113 193 3168 et
230 3129 248 3168 a
283 3111 409 3186 pedum
451 3110 562 3187 gradu
604 3110 835 3185 appellatum.
899 3109 1010 3167 idcirco
1047 3109 1172 3167 verbum

159 3193 350 3276 ‘transgredi'
371 3200 526 3258 convenire
545 3218 604 3257 non
627 3201 747 3273 putavit
769 3218 864 3273 neque
882 3197 1055 3256 volantibus
1074 3217 1171 3275 neque

158 3289 343 3363 serpentibus
371 3309 466 3365 neque
493 3289 719 3364 navigantibus,
747 3287 798 3346 sed
825 3287 871 3345 his
900 3287 971 3345 solis
995 3286 1047 3362 qui
1071 3288 1170 3365 gradi·

157 3380 249 3435 untur
267 3381 297 3436 et
319 3378 442 3453 pedibus
466 3378 524 3435 iter
547 3379 735 3435 emetiuntur.
780 3379 939 3450 propterea
962 3379 1074 3452 negant
1098 3383 1172 3451 aput

140 3470 324 3545 scriptorem
361 3470 507 3532 idoneum
545 3469 599 3530 aut
635 3468 760 3527 navium
791 3467 1009 3542 transgressum
1045 3468 1173 3541 reperiri

78 3574 220 3634 ³⁰POSsc
258 3569 320 3627 aut
347 3586 409 3645 pro
442 3562 703 3629 transitetatione
725 3561 958 3632 transgressum.
