2422 3840
130 165 196 230 330
279 165 485 221 Grammaticus
504 165 607 222 aetatis
626 165 817 230 Varronianus
836 164 994 234 fragmenta

602 337 669 395 322

197 445 226 503 et
253 445 285 502 in
314 443 444 502 carmine
473 445 502 501 et
530 442 562 501 in
590 443 689 501 soluta
722 443 855 510 oratione
888 460 997 520 genera
1029 443 1148 502 dicendi

129 532 298 608 probabilia
312 535 382 592 sunt
395 534 464 606 tria,
481 551 558 608 quae
574 531 679 590 Graeci
693 539 875 610 χαρακτῆρας
889 534 997 590 vocant
1011 534 1146 592 nomina·

131 641 188 697 que
212 623 254 681 eis
277 619 411 680 fecerunt
438 618 530 699 ἁδρὸν
553 619 655 699 ἰσχνὸν
678 617 775 697 μέσον.
821 639 875 679 nos
899 639 1027 696 quoque,
1058 641 1147 697 quem

130 713 260 787 primum
287 712 453 786 posuimus,
481 711 601 770 uberem
625 728 779 784 vocamus,
809 709 972 768 secundum
995 711 1146 788 gracilem,

103 803 254 860 stantium
280 800 466 860 mediocrem.
512 798 598 858 uberi
620 799 751 878 dignitas
780 800 869 874 atque
898 799 1064 875 amplitudo
1093 803 1146 875 est,

130 889 235 968 gracili
253 891 393 949 venustas
413 891 443 948 et
461 888 621 962 subtilitas,
643 888 758 947 medius
776 888 807 945 in
827 887 953 947 confinio
973 891 1019 948 est
1036 892 1146 950 utrius·

131 998 187 1054 que
205 978 286 1038 modi
308 981 466 1055 particeps,
503 979 549 1037 his
568 977 693 1057 singulis
717 978 861 1036 orationis
882 978 1046 1037 virtutibus
1069 981 1147 1038 vitia

130 1070 241 1146 agnata
259 1070 329 1127 sunt
351 1069 419 1144 puri
441 1087 574 1141 numero,
598 1085 673 1142 quae
692 1087 794 1125 earum
816 1066 936 1125 modum
955 1069 986 1126 et
1007 1067 1145 1127 habitum

130 1159 297 1217 simulacris
325 1157 409 1216 falsis
438 1158 646 1216 ementiuntur.
693 1156 735 1215 sic
762 1156 938 1232 plerumque
962 1156 1076 1215 sufflati
1099 1162 1144 1216 at-

90 1267 115 1306 10
130 1266 186 1322 que
209 1247 318 1305 tumidi
340 1247 452 1305 fallunt
474 1265 528 1322 pro
552 1246 705 1319 uberibus,
736 1245 905 1320 squalentes
934 1248 964 1303 et
990 1245 1146 1306 ieiunidici

129 1356 183 1413 pro
207 1335 377 1415 gracilibus
401 1337 508 1394 incerti
532 1338 562 1394 et
585 1334 719 1412 ambigui
741 1353 797 1410 pro
820 1333 1027 1394 mediocribus.
1073 1355 1146 1395 vera

130 1427 231 1484 sutem
246 1427 276 1484 et
293 1427 415 1502 propria
429 1426 550 1484 huiusce
564 1424 643 1483 modi
659 1425 824 1483 formarum
842 1423 975 1500 exempla
989 1425 1021 1482 in
1035 1424 1145 1484 Latina

129 1515 232 1593 lingua
250 1513 289 1572 M.
304 1514 400 1573 Varro
425 1533 486 1573 esse
506 1515 581 1573 dicit
602 1513 748 1572 ubertatis
767 1512 940 1588 Pacuvium,
964 1515 1145 1590 gracilitatis

128 1602 292 1677 Lucilium,
324 1604 539 1662 mediocritatis
567 1601 746 1661 Terentium.
793 1602 844 1660 sed
874 1621 908 1661 ea
937 1604 1005 1677 ipsa
1035 1622 1146 1680 genera

90 1711 115 1752 ια
130 1693 248 1752 dicendi
274 1695 336 1750 iam
363 1692 531 1768 antiquitus
558 1692 671 1750 tradita
698 1693 736 1751 ab
763 1691 893 1750 Homero
923 1693 995 1751 sunt
1023 1691 1084 1751 tria
1112 1693 1144 1751 in

128 1781 238 1840 tribus:
261 1781 452 1861 magnificum
470 1783 503 1840 in
516 1781 603 1840 Ulixe
622 1783 652 1840 et
669 1781 817 1855 ubertum,
836 1780 944 1839 subtile
962 1783 995 1839 in
1008 1781 1144 1842 Menelao

129 1874 160 1930 et
179 1871 351 1945 cohibitum,
375 1872 504 1930 mixtum
525 1870 770 1946 moderatumque
788 1871 820 1929 iu
839 1870 972 1930 Nestore.
1010 1871 1144 1930 animad-

129 1980 214 2020 versa
242 1960 344 2019 eadem
372 1961 524 2036 tripertita
551 1961 682 2019 varietas
706 1962 750 2018 est
772 1959 804 2017 in
827 1959 922 2018 tribus
949 1959 1144 2037 philosophis

130 2069 203 2125 quos
231 2050 426 2108 Athenienses
455 2050 579 2108 Romam
608 2049 645 2106 ad
673 2051 808 2107 senatum
835 2049 940 2125 populi
963 2043 1040 2126 (R.)
1063 2048 1145 2128 lega-

90 2159 115 2197 re
129 2142 236 2198 verant
262 2141 459 2214 inpetratum,
488 2140 535 2197 uti
557 2139 685 2196 multam
712 2137 890 2211 remitteret,
919 2156 1009 2212 quam
1033 2138 1145 2198 fecerat

128 2230 155 2286 is
178 2232 300 2304 propter
324 2227 416 2304 Oropi
438 2227 646 2287 vastationem.
693 2246 728 2285 ea
750 2227 847 2285 multa
870 2228 970 2285 fuerat
994 2227 1145 2286 talentum
1187 2244 1191 2253 ·

129 2317 190 2376 fere
210 2319 413 2394 quingentum.
452 2319 536 2376 erant
559 2317 610 2376 isti
633 2316 804 2392 philosophi
824 2315 989 2375 Carneades
1013 2335 1047 2374 ex
1066 2316 1144 2376 Aca-

129 2406 239 2480 demia,
270 2407 417 2483 Diogenes
447 2405 577 2482 StoicuS,
610 2403 758 2464 Critolaus
781 2405 1006 2480 Peripateticus
1054 2409 1085 2464 et
1111 2409 1144 2464 in

129 2499 264 2554 senatum
295 2496 413 2571 quidem
439 2495 604 2554 introducti
630 2495 792 2570 interprete
819 2496 868 2553 usi
895 2496 966 2554 sunt
994 2492 1024 2553 O.
1043 2494 1143 2554 Acilio

88 2603 114 2644 ss
129 2588 276 2661 senatore,
301 2585 351 2643 sed
375 2587 443 2642 ante
466 2585 525 2660 ipsi
549 2603 681 2642 seorsum
702 2585 828 2660 quisque
852 2582 1021 2642 ostentandi
1044 2586 1144 2661 gratia

128 2692 236 2749 magno
257 2678 403 2733 conventu
421 2674 575 2732 hominum
590 2672 834 2731 dissertaverunt.
867 2676 931 2730 tum
950 2672 1144 2732 admirationi

128 2764 219 2821 fuisse
252 2764 339 2821 aiunt
370 2763 501 2822 Rutilius
540 2757 657 2840 [ΗΕΓ
678 2766 698 2820 3
716 2755 763 2840 R]
798 2764 827 2820 et
858 2761 1001 2839 Polybius
1040 2756 1144 2840 [3222

123 2853 262 2925 p1287
282 2847 336 2931 Η]
354 2852 615 2927 ,philosophorum
647 2853 740 2909 trium
773 2853 820 2908 sui
849 2852 993 2926 cuiusque
1025 2853 1143 2929 generis

128 2942 306 2999 facundiam.
354 2942 515 2999 violenta
546 2942 688 3016 inquiunt
718 2943 753 2997 et
781 2940 909 3016 rapida
941 2939 1142 3000 Carneades

88 3030 285 3103 indicebat,
314 3031 407 3088 scita
430 3032 464 3088 et
491 3032 624 3088 teretia
648 3027 844 3103 Critolaus,
875 3030 1036 3087 modesta
1058 3029 1143 3089 Dio-

128 3137 233 3195 genes
258 3123 291 3177 et
315 3119 443 3178 sobria.

202 3217 268 3271 Geli.
285 3221 363 3283 6,14
382 3235 404 3271 et
422 3233 446 3271 in
464 3232 561 3272 carmine
580 3249 606 3256 -·
625 3235 647 3271 ct
665 3233 744 3271 sobria.
781 3234 867 3269 unum
891 3217 1021 3284 quodque
1047 3219 1143 3271 aulem

128 3305 225 3357 genus,
244 3290 276 3341 ut
295 3289 424 3353 diximus,
451 3306 514 3342 cum
533 3290 609 3341 caste
628 3289 785 3357 pudiceque
804 3290 927 3354 ornatur,
946 3287 978 3340 fit
996 3287 1143 3357 illustrius,

128 3377 191 3412 cnm
209 3359 320 3413 fucatur
339 3361 424 3426 atque
442 3359 616 3428 praelinitur,
637 3361 669 3414 fit
682 3357 906 3429 praestigiosum.
932 3365 989 3427 laq.
1000 3361 1035 3426 cf.
1048 3360 1142 3430 Quint.

128 3435 229 3497 12,10,
245 3435 289 3484 58.
327 3431 433 3485 Fronto
453 3449 478 3498 p.
499 3436 534 3485 54
553 3433 590 3486 N.
611 3433 688 3487 aues.
708 3433 755 3485 lot.
777 3432 841 3483 urin.
859 3433 1012 3499 p.126,1.
1032 3435 1101 3498 438,
1116 3437 1141 3486 9.

119 3506 237 3567 510327.
255 3506 318 3569 561,
332 3503 394 3557 VH.
424 3503 605 3559 SchotBeru.
620 3506 768 3571 puras&
778 3501 814 3554 H.
845 3502 1141 3558 admiremus.

105 3571 198 3641 Krolt
218 3573 277 3629 Bk,
295 3576 375 3632 Mus.
393 3581 439 3647 62,
455 3581 502 3633 86.
576 3581 654 3647 lisq.
675 3577 710 3645 ef.
727 3574 832 3630 Fronto
850 3590 878 3641 p.
893 3577 943 3627 us
954 3573 992 3626 N.
1022 3575 1141 3629 Euuutb.
