2422 3840
110 164 161 217 XII
516 164 719 234 Prolegomonu

111 332 197 379 artem
211 326 352 393 professus
370 332 409 378 est
431 326 475 393 (cf.
496 324 598 390 Maru,
617 325 690 378 Berl.
706 325 776 393 phil.
796 326 885 379 Wocle.
902 329 976 379 1890
989 343 1020 394 p.
1036 327 1125 393 1007).

111 398 234 450 uuiverse
254 397 390 462 Brucla,
409 396 605 467 Pauly-Wiss.
624 396 689 450 RE
704 401 731 462 2,
747 401 843 464 141sq.

181 515 231 569 10.
255 511 336 568 Plui.
362 509 432 569 Caio
456 513 505 568 uti.
527 515 544 568 1
579 514 617 593 τῷ
649 507 747 586 μέντοι
774 511 955 593 ’παιδαγωγῷ
981 509 1032 571 τὸν
1064 511 1125 569 Κά-

40 638 41 641 =
111 623 190 658 τωνα
213 594 255 678 [a.
277 593 404 679 659l95
421 593 537 679 uatum]
562 599 721 658 πείθεσθαι
746 595 799 674 μὲν
818 597 934 679 λέγουσι
957 598 1007 658 καί
1030 605 1125 659 ποιεῖν

111 687 191 747 άπαν
221 687 252 748 τὸ
280 687 545 767 προσταττόμενον,
575 686 698 746 ἑκάστου
727 685 759 747 δὲ
786 687 840 764 τήν
869 689 965 748 αι’τίαν
993 686 1126 748 ἀπαιτεῖν

111 776 161 837 καί
184 775 216 836 τὸ
242 775 291 836 διὰ
314 778 344 836 τί
365 777 584 836 πυνθάνεσθαι.
630 775 679 836 καί
702 774 757 857 γὰρ
781 770 819 856 ήν
842 777 951 856 χαρίεις
979 774 994 836 ό
1018 778 1125 837 παιδα-

84 865 205 946 τγωγὸς
233 865 326 926 αὐτοῦ
353 864 403 925 καί
430 864 518 946 λόγον
547 864 619 944 ἔχων
648 875 700 925 τοῦ
723 865 872 925 κονδύλου
895 865 1126 946 προχειρότερον,

112 951 206 1033 όνομα
228 954 439 1032 Σαρπηδών.

180 1085 229 1139 11.
248 1079 359 1140 Saulus
366 1100 400 1154 p.
410 1082 520 1141 29913.
540 1078 734 1150 Διονύσιος
747 1073 1011 1160 Ἀλεξανδρεύς,
1029 1075 1124 1162 Θρᾲξ

111 1165 143 1228 δὲ
168 1165 260 1247 <καὶ>
287 1166 346 1228 ιὐτὸ
374 1178 427 1229 τοῦ
455 1167 564 1247 πατρὸς
590 1167 689 1248 Τήρου
715 1172 810 1248 Τήρος
833 1165 965 1246 τοόνομα
991 1169 1123 1247 κληθείς,

107 1251 295 1337 Ἀριστάρχου
320 1256 458 1336 μαθητής
476 1256 686 1337 γραμματικός,
708 1253 740 1330 ὃς
759 1255 964 1333 ἕσοφίστευσεν
983 1255 1015 1316 ἕν
1030 1252 1124 1341 Ῥώμη

110 1344 158 1406 ἐπὶ
182 1347 343 1425 Πομπηίον
371 1356 423 1407 τοῦ
454 1346 579 1426 μεγάλου
607 1344 656 1406 καί
685 1345 845 1426 ἐξηγήσατο
872 1346 1059 1426 Τυραννίωνι
1085 1351 1125 1429 τῷ

83 1433 256 1520 επροτὲρτμ,
289 1432 426 1508 συνέταξε
453 1433 488 1493 τὰ
516 1439 635 1494 πλεῖστα
657 1434 842 1515 γραμματικά
869 1457 898 1494 τε
925 1433 976 1494 καί
1003 1453 1125 1514 συνταγ-

111 1523 216 1601 ματικά
253 1522 303 1583 καί
339 1523 546 1602 ὑπομνήματα.
610 1542 671 1579 cum
702 1527 881 1580 Aristarchus
914 1543 988 1580 auuo
1020 1525 1126 1580 circiter

110 1606 245 1676 61οί144
281 1612 405 1662 mortuus
440 1607 477 1660 sit
513 1605 659 1674 (GBuseli,
691 1606 723 1660 cle
752 1606 870 1660 biblioth.
895 1606 1046 1659 Aleuaudr.
1076 1607 1125 1673 qui

108 1677 239 1743 feruuteu
248 1678 350 1745 primis
363 1695 394 1746 μ.
415 1682 447 1731 51
454 1679 512 1745 su),
527 1678 585 1730 eius
604 1678 756 1745 discipulus
775 1678 930 1746 Diouusius
948 1677 1019 1731 iuter
1038 1693 1126 1730 cuuos

111 1749 181 1818 6841
187 1749 370 1819 70-702t52
389 1748 446 1817 (ἐπὶ
464 1745 626 1817 Πομπηίου)
645 1751 693 1802 oia
711 1749 802 1802 (locere
818 1749 910 1816 potuit
928 1748 972 1816 (cf.
987 1748 1126 1801 Hillscber

104 1836 135 1889 p.
155 1823 217 1874 360.
258 1820 344 1886 Cultu,
373 1820 569 1889 Pauly-Wiss.
589 1820 653 1874 RE
670 1825 695 1886 5,
714 1819 867 1889 977ί134),·
894 1819 941 1873 secl
963 1818 1066 1873 Sullas
1094 1822 1126 1872 iu

109 1891 272 1959 temporibus
304 1891 480 1958 delubriis,
507 1892 671 1959 praesertim
699 1908 717 1944 a
744 1892 897 1945 Ptolemaeo
925 1891 1065 1959 Eueroeta
1092 1892 1131 1944 ΙΙ

109 1964 146 2030 (a.
166 1963 472 2032 cosmo-osum)
494 1979 579 2030 usque
602 1963 639 2016 ael
657 1964 815 2032 Aucustum
838 1962 955 2030 (Robcle,
975 1962 1028 2016 Bb.
1050 1963 1124 2015 Mus.

110 2036 153 2098 33,
174 2037 227 2088 168
246 2033 311 2087 aiu.
327 2038 345 2088 6
363 2035 419 2102 ol),
438 2035 549 2088 iucuria
565 2035 716 2102 peccavisse
734 2034 849 2097 uidetur,
869 2049 925 2086 riou
945 2034 1025 2086 aliter
1043 2038 1124 2100 atque

108 2107 141 2158 iu
167 2105 268 2158 Asicio
296 2106 421 2159 Pollioue
451 2105 608 2170 Trallicuo,
636 2122 714 2173 queue
745 2105 901 2174 Tiuayeuis
929 2104 973 2170 (cf.
1001 2103 1063 2158 Seu.
1093 2104 1124 2158 ele

109 2177 154 2229 ira
172 2180 198 2242 3,
217 2178 263 2244 23)
287 2177 378 2230 sclicla
402 2183 527 2244 susceptu
553 2176 657 2230 Romae
683 2175 728 2229 ἐπὶ
753 2171 904 2244 Πομπηίου
928 2182 977 2227 τοῦ
1003 2173 1123 2241 μεγάλου

110 2248 173 2300 item
187 2247 308 2301 docuisse
322 2248 397 2302 elicit.
423 2264 490 2300 uam
508 2248 580 2316 quod
596 2247 706 2301 Oliutou
721 2247 803 2300 rerba
818 2242 888 2306 ός-
898 2243 1017 2313 μεγάλου
1032 2251 1123 2299 traus-

104 2335 213 2386 poueus
227 2319 264 2372 acl
281 2319 485 2388 Turouuiouem
503 2319 616 2384 rettulit,
630 2319 741 2371 uiuime
758 2316 911 2382 satisfaciu
929 2314 1034 2370 Sullas
1053 2317 1124 2370 euim

109 2390 248 2444 auditores
272 2391 322 2444 sub
349 2392 476 2460 uecyistri
499 2392 609 2443 uouiue
634 2395 744 2458 tauoere
768 2388 845 2454 solet,
874 2389 934 2441 alia
958 2387 991 2440 cle
1015 2387 1052 2441 iis
1076 2404 1125 2441 suo

109 2461 238 2529 cuiusque
264 2461 320 2516 loco
346 2463 465 2529 expauit.
506 2461 587 2515 aliter
614 2461 647 2514 ele
674 2477 703 2514 re
729 2460 839 2514 iudicat
865 2458 1000 2512 Susemibl
1024 2463 1052 2525 2,
1071 2464 1125 2513 168

108 2531 173 2585 adu.
190 2535 252 2586 139.
289 2533 400 2602 Sardus
413 2549 444 2600 p,
460 2535 521 2586 138.

181 2643 196 2691 2
215 2639 264 2692 καί
282 2638 347 2693 aad.
365 2641 463 2703 Mara,
482 2637 556 2692 Berl.
571 2638 640 2706 phil.
662 2637 753 2692 Woeb.
769 2640 843 2691 1890
856 2655 887 2706 μ.
903 2642 975 2691 1007
1032 2634 1125 2702 Τήρου

111 2710 212 2781 Τήρος]
231 2712 265 2777 cf.
286 2710 421 2764 Suseutilel
438 2710 505 2763 ibid.

177 2844 227 2900 12.
249 2841 360 2901 Sululos
377 2862 409 2916 p.
432 2845 472 2901 61
492 2842 530 2900 Β.
559 2837 788 2920 Ἀλέξανδρος
816 2835 831 2898 ὃ
860 2839 1058 2916 Μιλήσιος,
1091 2833 1124 2910 ὃς

108 2930 283 3009 Πολνίστωρ
307 2927 457 3007 ἐπεκλήθη
485 2928 535 2990 καί
559 2929 739 3010 Κορνήλιος,
768 2927 842 2988 διότι
865 2929 1021 3012 Κορνηλίῳ
1045 2931 1124 2986 Aev-

109 3019 204 3102 τοόλτμ
228 3017 472 3097 αἰχμαλωτισθεὶς
491 3017 610 3096 ἐπράθη
628 3017 678 3078 καί
697 3017 777 3101 αὐτῷ
796 3015 983 3097 παιδαγωγὸς
1002 3015 1125 3096 ἐγένετο,

109 3101 169 3167 εἶτα
188 3105 392 3188 ἠλευθερώθη.
420 3101 459 3186 ἦν
478 3105 510 3167 δὲ
528 3106 561 3167 ἕν
575 3104 673 3192 Ῥώμη
693 3105 740 3166 ἐπὶ
759 3115 817 3166 τῶν
832 3106 933 3166 Σύλλα
947 3104 1061 3184 χρόνων
1074 3104 1124 3164 καὶ

82 3194 156 3256 elul
179 3195 255 3254 τάδε.
293 3195 429 3281 άνηρέθη
451 3193 482 3256 δὲ
501 3195 533 3257 ἐν
547 3202 743 3278 Λαυρενταῐς,
767 3193 826 3255 ὑπὸ
845 3193 939 3273 πυρὸς
957 3202 1009 3271 τῆς
1029 3193 1125 3264 οἰκίας

108 3285 288 3361 φθαρείσης
317 3284 368 3345 καί
390 3283 409 3364 ή
437 3285 514 3365 γυνή
542 3284 636 3345 αὐτοῦ
656 3279 760 3362 Ἑλένη
787 3289 928 3363 μαθοῦσα
951 3281 983 3342 τὸ
1007 3280 1125 3359 συμβὰν

109 3371 267 3451 ἀπήγξατο.
301 3366 339 3452 ήν
354 3372 385 3435 δὲ
399 3374 597 3455 γραμματικὸς
611 3384 670 3434 τῶν
685 3374 838 3454 Κράτητος
853 3377 1006 3449 μαθητῶν.
1036 3363 1123 3442 οὗτος

108 3459 275 3541 συνέγραψε
298 3464 398 3541 βιβλία
421 3462 554 3544 άριθμοῦ
577 3464 707 3545 κρείττω,
730 3461 780 3522 καὶ
802 3460 869 3542 περὶ
889 3453 1004 3537 Ῥώμης
1024 3460 1124 3537 βιβλία

107 3547 199 3610 πέντε.
245 3551 325 3612 Sero.
349 3555 429 3614 Dau.
453 3552 527 3612 Aea.
553 3558 604 3622 10,
625 3555 690 3612 388
716 3553 773 3612 hoc
800 3554 897 3610 lotum
920 3549 1125 3608 Alexander
