2422 3840
137 157 202 221 112
320 154 526 211 Grammatioue
546 156 794 211 anteverronienoe
812 155 973 226 fragmenta

632 329 650 384 1

206 432 293 492 Olor.
311 450 343 506 p.
363 434 438 500 229,
455 435 497 490 30
526 436 573 491 est
597 431 676 508 apud
700 434 839 507 antiquos
863 433 979 491 veriam
1002 433 1068 492 vim
1092 450 1160 491 eon-

136 523 208 581 tulit
230 522 364 597 vocibus,
392 541 445 596 pro
470 525 568 597 etque,
596 541 651 598 pro
675 540 717 596 ee,
745 539 799 597 pro
824 539 904 598 ergo,
931 539 987 597 pro
1013 520 1076 595 sed,
1105 539 1159 598 pro

137 614 246 685 temen,
278 629 334 687 pro
365 611 439 684 tum,
471 629 524 686 pro
558 629 633 684 eum,
666 613 702 668 ut
733 612 765 668 in
798 609 904 687 glossis
937 611 1160 685 antiquitatum

136 701 262 777 legimus
287 698 440 775 seriptum.

631 817 653 874 2

206 921 292 981 Utor.
315 939 348 994 p.
372 894 507 989 24210
538 922 710 980 butubette.
755 921 811 979 hoo
840 919 967 979 Plautus
998 914 1075 1000 [suu
1104 922 1158 980 ino.

138 1013 179 1084 fr.
193 1005 293 1090 6111]
309 1028 364 1086 pro
374 1010 468 1069 nihilo
479 1013 509 1068 et
518 1029 572 1086 pro
582 1001 671 1087 nugis
685 1010 795 1086 posuit,
809 1011 884 1068 utin
894 1009 1003 1086 glossis
1013 1012 1160 1069 veterunu

136 1101 223 1159 Paul.
242 1101 321 1159 Fest.
339 1118 373 1173 p.
394 1102 445 1167 36,
463 1102 482 1158 6
504 1098 667 1158 butubatta
686 1099 818 1158 Naevius
845 1092 903 1177 [II
920 1116 947 1157 o.
968 1101 1034 1157 131
1044 1091 1158 1179 Risui]

136 1209 191 1265 pro
214 1190 384 1267 nugatoriis
407 1190 518 1265 posuit,
540 1188 596 1247 hoo
620 1191 665 1247 est
686 1187 801 1246 nullius
823 1186 1017 1266 dignationis

634 1325 655 1380 3

208 1429 295 1489 Olor.
310 1448 342 1503 p.
362 1431 495 1497 24211
518 1429 659 1503 buttutti,
682 1428 789 1488 fluetus
812 1426 935 1505 quidem
953 1421 1052 1505 (eut)
1071 1446 1159 1488 sonus

137 1521 219 1578 voeis
248 1518 454 1593 effeminatior,
483 1520 517 1576 ut
541 1536 603 1576 esse
626 1520 658 1575 in
681 1519 772 1578 saeris
795 1516 1022 1594 Anagninomm
1050 1535 1160 1576 vooum

137 1611 272 1668 veterum
294 1608 473 1682 interpretes
497 1607 638 1666 scribunt.

210 1695 223 1741 1
244 1690 294 1743 eut
312 1689 424 1743 addidi:
443 1687 487 1742 vel
506 1689 573 1742 Keil
645 1693 661 1741 3
681 1686 763 1742 serib'
782 1685 839 1742 eod.

634 1814 653 1869 4

210 1920 305 1978 Varro
336 1920 371 1977 de
400 1919 419 1977 l.
438 1919 475 1977 L.
501 1922 529 1986 7,
545 1921 587 1976 34
624 1920 657 1975 in
686 1916 773 1974 Medo
808 1910 930 1995 [Paene.
958 1934 985 1974 v.
1009 1918 1079 1976 232
1093 1909 1159 1995 R.³]

141 2004 294 2068 ‘caelitum
332 2008 467 2081 camille,
504 2009 660 2083 expectate
697 2005 834 2065 advenis:
880 2006 976 2079 solve,
1013 2000 1162 2081 hospitel'

140 2091 282 2157 ‘camille’
301 2096 353 2173 qui
373 2098 553 2173 glossemata
571 2087 923 2171 interpretan'dixerunt
940 2093 1161 2155 administrem.

210 2189 244 2254 cf.
264 2187 337 2242 Sere.
359 2186 434 2240 Dae.
455 2187 523 2240 Aen.
539 2191 582 2252 11,
598 2189 658 2239 543,
698 2185 822 2239 Maerob.
838 2187 864 2251 3,
879 2187 940 2250 e,7
981 2183 1066 2239 Paul.
1087 2186 1162 2240 Fert.

133 2261 411 2330 penum

212 2343 226 2390 3
247 2337 390 2392 camillum
411 2338 559 2393 OMueller
612 2336 769 2407 glosemete
787 2336 870 2391 Fur.

635 2469 655 2527 5

208 2577 314 2636 Glosso
344 2578 488 2636 Vaticano
512 2569 554 2656 (0
561 2575 622 2635 GL
641 2576 666 2633 I
668 2576 696 2634 V
715 2576 768 2642 23,
792 2577 830 2644 2,·
857 2575 892 2646 ef.
916 2574 986 2633 leid.
1010 2574 1087 2649 215,
1102 2568 1161 2655 20)

139 2668 270 2742 candens,
293 2685 367 2725 vase
390 2666 499 2724 fretive
523 2664 673 2723 Saliorum
697 2659 799 2742 [earm.
823 2664 876 2722 sul.
900 2663 962 2721 rell.
985 2664 1043 2721 inc.
1070 2658 1159 2743 1111]

210 2756 244 2822 cf.
266 2758 353 2810 Varro
368 2756 400 2810 de
415 2757 431 2809 l.
446 2756 482 2809 L.
499 2758 601 2820 5,121.
626 2755 659 2808 de
673 2755 720 2809 eit.
736 2753 806 2808 ΡΒ.
821 2754 843 2806 Ι
853 2770 898 2822 op.
913 2752 988 2807 Non.
998 2756 1107 2821 pm,
1119 2757 1161 2807 12.

138 2829 221 2882 Paul.
236 2828 310 2882 Fest.
322 2845 351 2896 p.
367 2831 414 2894 48,
428 2831 453 2881 9.

636 2935 655 2989 6

205 3040 282 3098 Fesl.
308 3059 340 3113 p.
367 3032 493 3106 166⁶,6
529 3057 658 3097 nauoum
691 3039 736 3096 eit
766 3036 873 3095 Ateius
906 3035 1086 3114 Philologus
1120 3068 1156 3079 -

140 3123 191 3208 [fr.
212 3123 259 3207 3],
296 3127 414 3187 Cincius
446 3159 488 3168 —-
520 3122 571 3206 [fr.
591 3120 663 3205 20],
700 3126 804 3185 Aelius
837 3124 913 3184 Stilo
945 3157 987 3166 -—
1020 3119 1158 3205 [sr.19]‚

141 3219 388 3295 glossematorum
412 3219 510 3275 eutem
531 3217 698 3293 scriptores,
721 3215 808 3273 fabae
828 3216 915 3292 grani
934 3215 1015 3290 quod
1037 3215 1158 3274 haerent

140 3310 173 3366 in
196 3307 307 3366 fabulo.
348 3306 434 3366 Olor.
453 3325 485 3379 p.
505 3308 617 3374 207,6
639 3307 731 3363 nauoi
752 3323 806 3381 pro
830 3303 919 3362 nihili
941 3306 973 3362 te
991 3303 1077 3364 duoo.
1115 3305 1158 3362 est

142 3400 244 3455 autem
267 3395 354 3454 fabae
378 3414 513 3472 granum,
537 3414 601 3453 eum
627 3413 657 3452 se
681 3395 786 3470 aperit.

186 3477 245 3549 .⁶f·
267 3477 356 3543 Gruff,
376 3477 500 3546 Melana.
531 3475 709 3530 Grion-Rom.
724 3477 752 3540 2,
767 3478 822 3528 306
835 3490 874 3542 sq.

202 3560 222 3606 3
234 3556 461 3626 glosernetorum
