2422 3840
98 138 166 204 408
252 137 458 194 Grammaticae
478 137 580 192 aetatis
598 137 790 191 Varronianae
808 137 967 207 fragmenta

59 310 175 384 ¹⁰quin
189 307 307 366 etmihi
326 307 481 365 adversere
496 309 526 365 et
543 326 606 365 rem
625 306 777 382 publicam
794 304 954 384 profliges?
992 307 1121 384 denique

100 416 178 473 quae
210 415 305 471 pausa
335 393 416 454 erit?
462 396 614 470 ecquando
646 396 762 456 desinet
792 396 909 454 familia
941 399 1044 456 nostra
1074 399 1120 456 in—

100 483 222 547 sanire?
259 484 412 561 ecquando
430 485 535 544 modus
555 487 644 543 sirei
667 485 770 544 haberi
792 483 926 561 poterit?
964 486 1120 560 ecquando

100 575 268 634 desinemus
297 577 328 633 et
354 574 497 633 habentes
526 575 556 632 et
583 573 759 649 praebentes
788 575 933 633 molestiis
960 573 1121 634 insistere?

100 664 254 739 ecquando
272 664 469 739 perpudescet
485 663 637 722 miscenda
651 667 742 738 atque
759 662 962 739 perturbanda
975 683 1007 722 re
1021 663 1120 739 publi·

59 762 85 804 ’ὓ
101 751 158 812 ca?
195 752 247 812 ssd
270 753 297 812 si
320 753 440 812 omnino
467 751 500 811 id
527 751 593 810 fieri
619 771 679 810 non
706 755 818 828 potest,
845 752 898 810 ubi
922 771 976 831 ego
1000 755 1121 812 mortua

100 862 159 918 ero,
187 843 283 918 petito
306 841 507 916 tribunatum
536 861 590 916 por
612 861 659 900 me
682 841 774 900 facito
799 841 878 916 quod
900 841 1022 914 lababit,
1051 862 1120 901 curn

101 951 156 1009 ego
184 950 244 989 non
274 932 410 991 sentiam.
456 929 508 988 ubi
539 933 659 988 mortua
689 949 752 1006 ero,
783 930 957 1006 parentabis
986 931 1062 988 mihi
1090 935 1121 990 et

100 1020 253 1080 invocabis
281 1020 369 1078 deum
398 1025 560 1095 parentem.
606 1021 638 1078 in
667 1038 701 1078 eo
724 1023 859 1094 tempore
885 1039 945 1078 non
968 1019 1062 1095 pudet
1088 1024 1120 1078 te

101 1128 204 1168 eorum
227 1109 315 1167 deum
338 1127 439 1184 preces
463 1111 607 1183 expetere,
631 1126 705 1184 quos
727 1109 811 1168 vivos
835 1111 925 1183 atque
948 1112 1121 1183 praesentes

59 1211 87 1251 so
100 1199 220 1257 relictos
251 1202 341 1273 atquo
371 1198 502 1257 desertos
532 1195 697 1256 habueris?
741 1217 778 1256 ne
808 1197 859 1255 iile
890 1197 957 1257 sirit
982 1197 1122 1273 Iuppiter

100 1290 129 1345 te
159 1307 194 1346 ea
222 1305 411 1362 perseverare
441 1305 494 1345 nec
521 1286 578 1344 tibi
605 1289 723 1344 tantam
751 1287 930 1344 dementiam
958 1287 1060 1346 venire
1088 1288 1121 1346 in

100 1377 250 1436 animum!
297 1379 327 1434 et
355 1377 382 1435 si
408 1393 592 1451 perseveras,
622 1395 727 1434 vereor
753 1395 790 1433 ne
818 1377 850 1432 in
879 1395 994 1434 omnem
1022 1377 1121 1434 vitam

99 1468 220 1524 tantum
249 1465 362 1524 laboris
391 1465 478 1541 culpa
501 1466 555 1522 tua
577 1463 718 1539 recipias,
749 1465 795 1522 uti
819 1466 851 1522 in
874 1465 957 1524 nullo
984 1467 1121 1540 tempore

98 1557 167 1613 tute
189 1553 247 1613 tibi
269 1554 386 1629 placere
409 1553 513 1629 possis.

171 1644 254 1698 Libri
272 1660 332 1697 vass.
354 1643 434 1699 Cora.
454 1643 524 1711 Nep.
544 1643 583 1696 ad
605 1649 752 1697 extremam
771 1659 840 1697 veroa
858 1669 886 1697 ex
905 1657 1000 1707 epistula
1019 1674 1052 1683 -
1073 1659 1122 1709 pia

99 1740 148 1769 care
166 1729 243 1776 possis.

172 1819 186 1865 1
216 1828 363 1881 gracorum
388 1811 487 1864 matris
511 1827 545 1864 cx
568 1813 666 1866 eodem
688 1810 761 1864 libro
785 1811 907 1866 Cornelii
929 1810 1048 1880 Nepotis
1074 1830 1121 1865 ex-

100 1886 197 1953 cerpta
223 1884 302 1952 (cod.)
328 1883 497 1951 Giddioaus)
523 1882 608 1936 verba
634 1881 778 1937 Corneliae
805 1882 994 1937 Gracchorum
1019 1884 1122 1937 matris

100 1971 134 2008 ex
153 1953 268 2008 cornelii
287 1954 399 2022 nepotis
418 1953 490 2007 libro
510 1969 567 2008 exc.
589 1956 752 2025 R(omaaos)
825 1960 840 2006 ‘2
862 1953 941 2026 hist]
960 1954 1122 2008 oratoribus

99 2027 259 2097 Nipperdey
279 2042 320 2094 op.
331 2043 362 2094 p.
377 2030 412 2079 99
486 2030 501 2077 6
520 2025 594 2079 malo
614 2028 752 2094 temperes
772 2026 871 2096 Beryto,
891 2027 990 2080 Pbdoi.
1006 2029 1049 2092 16,
1065 2030 1123 2080 627

101 2165 120 2221 C
140 2114 176 2222 13.
196 2097 448 2222 paff']⁶{'1·N²³⁹²1⁹y'
465 2113 493 2164 p.
510 2101 581 2178 116Ι
606 2167 612 2178 ⁸
642 2102 658 2148 9
677 2095 762 2149 verba
782 2098 912 2222 eiuzdegl'
927 2096 988 2181 ³¹³9.
1001 2095 1063 2150 loco
1083 2098 1121 2150 ad

99 2210 147 2293 tae
168 2185 233 2294 {iaec
254 2186 302 2292 ulnp
320 2185 416 2292 edilublh
435 2169 986 2294 om.ed.1815dr?blobbblronbbrbhr1ibbbm
1016 2171 1122 2300 aotbd:

100 2315 194 2364 verses
211 2310 236 2363 G
251 2326 307 2363 —ses
322 2312 350 2365 R
419 2316 451 2363 21
468 2325 525 2378 qua
539 2310 566 2363 R
635 2316 667 2361 23
683 2308 773 2362 insist.
789 2311 877 2379 Nipp.
893 2310 1027 2364 desistere
1042 2311 1121 2365 coddss

100 2381 244 2434 dehiscere
255 2384 323 2436 coci.
335 2382 437 2435 Bacch.
507 2384 541 2433 28
556 2381 640 2433 deum
654 2381 694 2450 p]
708 2382 743 2446 cf.
759 2381 877 2448 Jordan,
887 2383 1001 2436 Hermes
1012 2387 1055 2446 15,
1066 2387 1122 2437 530

154 2453 273 2521 pudebit
292 2454 393 2521 Horcpt
410 2454 441 2505 ia
460 2453 547 2520 Nipp.
567 2469 609 2521 op.
626 2469 655 2520 p.
672 2457 725 2506 119

550 2587 570 2643 8
611 2588 652 2642 13

169 2683 271 2744 eodem
300 2688 433 2759 tempore
467 2677 537 2762 [qao
560 2579 724 2750 Phidiacae,
747 2678 924 2762 Dionysias]
957 2683 1121 2742 Philistum

101 2773 277 2832 historicum
297 2771 459 2848 Syracusas
479 2772 604 2846 reduxit,
628 2772 778 2830 hominem
798 2773 926 2830 amicum
944 2792 1004 2832 non
1023 2774 1122 2850 magis

100 2866 230 2938 tyranno
262 2881 352 2937 quam
382 2861 545 2936 tyrannidi.
597 2861 648 2919 sed
671 2861 707 2919 de
735 2862 790 2919 hoc
818 2864 907 2920 ineo
931 2861 1008 2919 libro
1031 2863 1124 2937 plura

102 2955 172 3010 sunt
196 2953 339 3026 exposita,
364 2949 414 3025 qui
437 2949 472 3008 de
495 2949 645 3008 historicis
669 2947 789 3009 Graecis
813 2952 997 3025 conscriptus
1021 2954 1076 3025 est.¹

173 3041 206 3094 N
204 3058 243 3109 ep.
263 3041 349 3095 Dion.
364 3044 390 3105 3,
403 3043 423 3094 2
441 3054 573 3107 codemque
588 3057 687 3101 temporo
702 3070 735 3079 -
750 3053 887 3101 conscriptus
901 3058 940 3094 est

174 3137 353 3207 3tyrannidi
372 3138 533 3192 Asceasias:
552 3138 680 3206 tyrannis
806 3137 835 3189 in
860 3154 892 3190 eo
916 3137 973 3191 cod.
993 3139 1071 3192 Dan.
1098 3146 1124 3194 et

102 3211 183 3263 Parc.
203 3209 232 3262 in
252 3225 285 3262 eo
303 3225 365 3262 meo
384 3210 440 3263 rell.

553 3343 572 3399 9
613 3344 655 3399 17

166 3458 236 3499 non
255 3441 426 3518 ignorare
445 3438 552 3498 debes
571 3336 676 3496 uburb
694 3439 759 3497 hoc
778 3457 889 3515 genus
908 3437 1122 3497 Latinarum

78 3526 301 3593 litterarum
324 3524 514 3616 [besariom]
540 3529 660 3593 adhuc
675 3547 749 3588 non
768 3527 871 3587 modo
891 3545 963 3583 nou
975 3544 1120 3598 raspon-
