2422 3840
113 159 155 221 12
431 157 638 213 Grammaticue
656 159 811 227 primordie

84 326 217 391 smissus
240 328 301 386 tres
324 327 433 386 liberes
455 330 488 385 in
513 327 605 386 Italic
632 330 810 403 procreavit,
838 328 996 386 Tiburtum
1021 327 1132 388 Geram

112 415 265 489 Catilium,
289 417 343 491 qui
362 415 495 492 depulsis
515 437 550 473 ex
568 417 678 492 oppido
699 416 818 475 Siciliae
842 417 992 476 veteribus
1012 417 1132 477 Sicanis

111 523 130 562 e
153 507 271 564 nemine
296 505 414 564 Tiburti
442 504 545 564 fratris
568 508 643 564 natu
665 506 788 563 maximi
811 505 914 565 urbem
939 510 1131 566 vocaverunt

182 586 269 641 Seleu.
288 587 387 642 collect.
405 591 471 652 2‚8
495 601 612 640 riuur-
626 601 734 651 numeri,
764 587 840 640 sicut
864 586 988 654 Sextius,
1017 586 1053 640 ub
1078 588 1133 640 Ar·

112 656 178 727 give
197 655 352 712 iuventute.
381 670 475 712 cunnus
489 690 522 697 —
537 675 681 712 vocaverunt.
709 659 744 724 cf.
765 659 837 713 Sere.
858 661 926 713 Aen.
944 663 970 724 7,
986 663 1049 712 670.
1064 663 1132 714 672.

464 835 514 888 EX
533 834 778 889 ORATIONIBUS

244 941 293 995 DE
313 941 389 996 suls
408 940 627 997 VIRTUTIBUS
647 940 794 996 CONTRA
813 941 998 995 THERMUM

504 1079 545 1134 10
569 1069 668 1154 [xri
689 1072 733 1151 ι]

180 1182 281 1240 eliud
300 1184 354 1240 est
371 1201 582 1258 properare,
601 1179 701 1240 eliud
720 1183 908 1241 festinare.
946 1184 1008 1257 qui
1026 1202 1134 1242 unum

113 1270 199 1345 quid
230 1274 370 1329 mature
405 1273 596 1348 transigit,
633 1271 663 1329 is
696 1273 882 1347 properet-3
925 1272 987 1346 qui
1018 1271 1136 1330 multe,

114 1360 220 1418 simul
242 1360 377 1436 incipit
400 1380 515 1435 neque
538 1360 702 1437 perficit,
725 1361 755 1418 is
778 1360 941 1418 festinet.

188 1439 256 1494 Gen.
285 1445 427 1507 16,14,1
459 1440 594 1494 festinare
622 1442 651 1493 et
683 1456 834 1509 properare
866 1440 941 1493 idem
974 1439 1136 1510 significare

114 1512 200 1579 atque
222 1512 252 1564 in
277 1511 394 1565 eundem
417 1528 477 1565 rem
501 1511 557 1565 dici
580 1510 718 1564 videntur.
753 1511 802 1565 sed
821 1511 858 1564 M.
879 1509 948 1564 Cato
967 1512 997 1564 id
1021 1510 1136 1566 differre

114 1583 259 1636 existimat
277 1598 367 1651 ecque
385 1583 438 1637 hoc
452 1583 536 1636 mode
550 1583 642 1636 divise
657 1582 752 1651 (verbu
766 1584 831 1636 sunt
845 1581 934 1652 ipsius
949 1598 983 1635 cx
997 1582 1135 1652 oratione,

114 1670 199 1722 quum
218 1654 253 1708 de
272 1655 330 1706 suis
344 1654 495 1708 virtutibus
514 1655 638 1724 hebuit):
663 1668 726 1707 ausu
744 1684 779 1694 —
797 1668 895 1708 festinet„
915 1655 990 1709 Fen.
1004 1672 1035 1723 p.
1049 1659 1135 1723 2341,

114 1729 151 1779 17
171 1767 176 1778 .
193 1766 199 1778 .
216 1769 221 1779 .
241 1725 317 1794 apud
338 1724 473 1779 Catonem
492 1726 522 1778 in
541 1743 574 1779 eu
593 1741 665 1793 quae
685 1727 727 1778 est
747 1727 844 1778 contre
858 1723 1008 1778 Thermum
1027 1726 1063 1778 de
1077 1727 1137 1780 suis

114 1795 280 1850 virtutibus:
300 1811 362 1850 anun
380 1828 415 1836 —
433 1811 530 1851 festinet.
559 1798 642 1851 Paul.
652 1814 682 1865 p.
697 1801 761 1862 235,
776 1801 811 1849 14
825 1811 975 1865 properare
990 1794 1069 1850 eliud
1084 1799 1136 1865 est,

115 1882 178 1921 artur
191 1899 227 1907 -
240 1882 335 1922 resunai
370 1868 444 1923 Nec.
460 1886 490 1937 p.
506 1872 624 1934 441,1e
651 1870 719 1922 Ceto
746 1868 873 1921 erutione
901 1884 986 1936 quem
1014 1868 1048 1921 de
1077 1869 1137 1922 suis

115 1937 266 1993 virtutibus
282 1939 407 2008 scripsit:
427 1953 490 1994 anun
501 1970 534 1979 —
544 1954 641 1994 resumi
660 1940 746 1994 Sobel.
762 1940 830 1993 Bcb.
847 1939 891 1992 ad.
906 1938 962 1993 Cic.
973 1956 1003 2008 p.
1013 1943 1072 1993 289
1089 1940 1136 1994 Or.

117 2009 271 2063 aliudesse
290 2025 449 2079 properare,
469 2010 547 2064 aliud
566 2010 701 2063 festinare
714 2010 776 2078 ipse
790 2026 841 2062 nes
856 2041 889 2050 -
905 2009 974 2063 Cute
993 2010 1090 2064 decuit
1104 2011 1136 2063 in

116 2081 243 2134 erutione
266 2097 339 2149 quae
365 2080 529 2135 inscribitur
548 2083 582 2135 de
606 2083 711 2135 virtute
735 2098 785 2133 sue
805 2083 902 2134 centra
920 2080 1079 2134 Thermum.
1101 2112 1135 2121 -

116 2168 182 2205 nem
196 2167 259 2206 anun
269 2184 301 2192 -
313 2167 410 2206 resenas.
439 2154 507 2208 Isid.
523 2154 583 2220 diff.
598 2155 667 2206 verb.
683 2157 738 2206 440
755 2152 830 2205 inter
848 2167 999 2221 properare
1013 2154 1042 2206 et
1056 2152 1136 2206 festi-

116 2238 195 2277 nare:
220 2221 330 2276 Murcus
354 2223 423 2277 Cato
448 2224 488 2278 sic
512 2224 664 2293 distinguit
688 2223 795 2276 dicens:
816 2239 855 2286 qui
869 2255 903 2264 -
918 2237 1015 2278 festinat.
1043 2224 1137 2278 ecdem

115 2295 172 2360 fere
190 2312 234 2364 cp.
255 2296 328 2349 Suet.
343 2313 374 2364 p.
389 2299 446 2349 285
466 2296 501 2349 R.
517 2296 589 2350 Sere.
610 2297 686 2349 Dan.
705 2312 731 2364 p.
751 2300 777 2360 1,
790 2298 855 2348 260.
887 2295 923 2360 cf.
943 2294 1002 2350 Ine.
1023 2296 1055 2349 de
1074 2295 1135 2362 diff.

118 2365 209 2420 ch
226 2365 287 2419 VII
304 2370 368 2432 527,
383 2370 408 2419 5.

189 2442 203 2489 1
223 2437 460 2506 unumquodque
478 2438 550 2492 Fert.
571 2437 643 2492 Suet.
664 2439 699 2492 ad.
719 2455 745 2490 u.
762 2435 897 2505 quicquid
911 2437 1040 2491 nonnulli
1058 2433 1136 2491 codd.

117 2507 220 2632 NescN
257 2507 383 2579 3simul]
398 2509 453 2562 sibi
468 2509 559 2563 Paris.
574 2510 646 2563 Voss.
659 2506 789 2563 Lairr
840 2507 962 2577 percipit
976 2504 1069 2562 Paris,
1112 2508 1137 2560 is

117 2596 167 2633 em.
218 2596 261 2633 cc.
282 2581 317 2634 al.

344 2722 384 2776 ΙΝ
402 2721 432 2775 L.
454 2721 659 2787 QUINCTIUM
678 2719 913 2774 FLAMiNlNUM

488 2838 507 2910 ι
533 2842 573 2895 11
599 2831 769 2914 [XV113]

186 2942 287 3000 eliud
311 2946 379 3016 est,
402 2943 587 3019 Philipps,
612 2962 722 3018 emor,
746 2944 853 3019 lenge
872 2942 974 3001 uliud
997 2943 1137 3018 cupide.

120 3031 273 3090 accessit
291 3031 379 3090 ilico
397 3033 500 3106 elter,
519 3032 580 3091 ubi
599 3034 694 3091 alter
711 3033 877 3106 recessit3
901 3033 997 3090 alter
1014 3032 1139 3108 bonne,

120 3121 215 3179 aiter
237 3121 360 3180 mulne.

191 3201 259 3255 Ieid.
283 3203 343 3268 diff.
367 3203 436 3256 verb.
458 3206 475 3256 5
504 3203 578 3254 inter
606 3217 728 3255 emerem
758 3203 786 3255 et
814 3201 987 3270 cupidinem
1017 3216 1081 3255 suun
1100 3220 1140 3268 est,

119 3272 212 3338 inquit
232 3270 309 3341 Ceto,
332 3287 436 3335 Philipps
451 3304 484 3312 -
498 3289 577 3327 marus.
622 3275 655 3326 de
673 3275 847 3327 collocatione
869 3275 904 3339 cf.
928 3289 1015 3340 supra
1040 3279 1097 3328 teet.
1115 3279 1140 3328 1.

120 3343 199 3397 dere
218 3344 320 3409 Afrae.
339 3345 376 3410 fr.
396 3350 420 3398 1.
435 3349 462 3398 2.
500 3344 595 3398 Puer.
615 3345 715 3398 Baccb.
735 3349 780 3398 20.

193 3420 206 3466 1
235 3415 359 3484 philippi
382 3416 439 3470 ced.
465 3417 587 3482 Bcrtbe‘i,
611 3416 700 3469 Basil.
721 3423 784 3470 tecte
805 3414 889 3469 Orelli
950 3412 1034 3484 lenge
1053 3431 1141 3482 quum

120 3487 213 3541 Puris,
228 3485 246 3538 i.
262 3484 396 3554 aliudque
415 3490 495 3541 Areu.
568 3492 584 3538 2
604 3486 653 3539 ubi
672 3488 764 3541 Paris.
780 3488 861 3540 Areu.
880 3486 950 3540 ibid.
970 3486 1060 3540 Baete.
1079 3484 1139 3542 cod.

120 3557 236 3612 Bartbii
253 3574 303 3611 cm.
329 3559 415 3612 Varie,
