2422 3840
238 223 241 228 .
414 183 462 237 all,
481 182 627 238 Terentius
646 183 757 238 Varro·
793 219 795 225 ·
889 218 891 222 ν
1022 185 1086 250 237

69 353 215 432 'sigillum
233 352 355 412 Almum
373 353 536 411 Ruminnm
554 373 610 410 -ε
634 351 713 428 quod
732 353 832 412 omnia
850 355 990 427 vinceret,
1009 354 1088 428 quod

69 442 226 519 anemius
248 444 425 515 vinceretur,
439 440 529 516 ¹quosl
549 460 636 518 opem
658 441 860 519 indigentibus
884 443 984 516 ferret,
1008 443 1088 519 quod

68 531 193 592 liaberet
219 530 383 607 inpellendi
410 530 562 589 statuendi
589 529 762 599 stabiliendi
789 531 983 606 resupinandi
1006 535 1115 607 pote-s

64 623 195 691 statem,
233 620 312 696 qnod
343 622 498 696 tamquam
530 619 647 696 tigillus
679 619 822 678 mundum
857 622 1022 679 contineret
1055 639 1089 679 ao

65 709 245 782 sustineret,
269 708 349 784 quod
371 708 465 780 aleret
488 710 601 783 omnia,
626 707 706 784 quod
728 729 815 767 ruma
838 708 870 767 id
892 712 937 768 est
959 728 1089 768 mamma

68 799 165 858 aleret
189 797 339 856 animalia.
416 863 418 867 n
638 809 641 816 “

141 898 260 967 Asopum.
275 896 342 950 ibid.
360 899 434 962 7,11
449 909 555 950 uxorum
568 927 594 935 -
608 897 773 950 summumst
792 896 849 950 slia
867 913 940 964 quae
958 896 1089 965 persequi

69 965 188 1036 longum
216 968 267 1020 est.
314 967 384 1021 haee
417 969 511 1020 autem
539 967 706 1036 cognomina
738 968 923 1036 inposuerunt
955 967 1005 1021 uni
1037 968 1089 1021 deo

70 1039 188 1108 propter
206 1053 305 1092 causas
323 1039 535 1106 potestatesque
554 1039 692 1106 diversas,
715 1054 772 1092 non
794 1041 890 1093 tamen
913 1041 1029 1108 propter
1046 1041 1090 1092 tot

69 1126 113 1164 ros
133 1109 221 1163 otiam
238 1110 283 1162 tot
302 1108 368 1162 deos
388 1124 452 1162 eum
471 1125 530 1163 essa
550 1114 713 1180 coegerunt:
733 1125 794 1173 quod
808 1124 883 1164 omnis
896 1142 923 1149 —
937 1125 1048 1164 ammana.

501 1261 565 1318 ree
589 1253 659 1338 [31]

138 1385 157 1442 l.
184 1383 272 1442 XVI.
314 1383 381 1441 ideo
404 1383 567 1442 Mercurius
592 1384 678 1459 quasi
700 1384 815 1443 medius
839 1403 957 1443 sumens
982 1385 1090 1444 dieitur

73 1473 255 1551 appellatus,
293 1472 372 1547 quod
406 1491 502 1530 sermo
540 1477 640 1531 currat
676 1475 754 1531 inter
789 1474 923 1533 homines
959 1474 1089 1547 medius,

72 1561 139 1622 ideo
159 1553 272 1638 Ἑρμῆς
294 1580 408 1638 graece,
432 1562 511 1637 quod
532 1581 627 1621 sermo
647 1561 695 1620 vel
717 1564 934 1640 interpretatio,
958 1582 1034 1638 quae
1053 1563 1090 1621 ad

71 1669 237 1712 sermonem
260 1651 365 1725 utique
382 1651 522 1726 pertinet,
546 1648 684 1728 ἑρμηνεία
708 1650 830 1726 dioitm3
852 1651 921 1711 ideo
939 1655 969 1710 et
987 1651 1089 1711 meroi-

67 1739 126 1824 bus
149 1757 299 1816 praeesse,
327 1738 399 1815 quia
425 1741 505 1797 inter
533 1740 691 1799 vendentes
715 1742 745 1798 et
773 1743 903 1799 ementes
934 1759 1029 1800 sermo
1056 1740 1091 1798 fit

71 1829 196 1887 medius.

144 1928 263 1998 Aupssst.
283 1927 350 1980 reid.
372 1930 606 1993 7,14nam1a00
624 1958 651 1965 —
665 1941 757 1981 medius.
787 1930 821 1994 of.
837 1929 874 1981 id.
890 1933 973 1993 4,11.
1007 1928 1089 1982 Post.

71 1998 147 2054 I'est
167 2015 198 2067 p.
218 2001 280 2064 124,
300 2001 325 2050 3.
358 1998 463 2052 Arsob.
479 2001 504 2063 3,
519 2002 562 2052 32.
592 1998 663 2052 Serv.
679 1999 756 2051 Dan.
772 2000 840 2053 Aes.
861 2004 886 2066 4,
900 2003 963 2054 242.
985 2003 1090 2066 8,138.

69 2068 195 2198 {obicibus
211 2073 238 2134 8,
254 2073 296 2135 11,
311 2073 426 2123 45-49.
446 2071 528 2139 myth.
540 2070 601 2122 Vot.
616 2075 642 2136 1,
657 2073 718 2122 119.
732 2075 760 2134 2,
774 2075 818 2124 42.
839 2072 962 2125 Macrob.
975 2074 1054 2137 1,17,
1065 2075 1090 2124 5.

112 2181 121 2206 ,
159 2182 165 2194 .

417 2336 418 2339 Ν
450 2336 452 2340 ,
480 2265 567 2322 ’139
590 2257 661 2344 [20]

141 2379 159 2437 l.
184 2378 274 2437 XVI.
321 2376 722 2453 quidest—Satmuus?
768 2399 859 2439 unus
888 2381 928 2440 de
955 2383 1091 2459 prinoi-

73 2467 181 2544 pibus
204 2466 304 2541 dena,
334 2486 440 2543 penes
465 2487 566 2543 quem
596 2471 776 2528 sationum
803 2473 957 2529 omnium
981 2471 1091 2529 domi·

74 2559 265 2615 natusest
370 2577 372 2581 ·

147 2656 263 2724 11297781.
283 2655 350 2708 ibid.
372 2659 397 2721 7,
416 2659 452 2708 13
475 2669 530 2718 quid
548 2674 581 2710 est
607 2657 681 2710 enim
700 2659 729 2710 et
747 2670 856 2711 Saturnus
873 2689 900 2697 -
917 2682 977 2711 unns
998 2656 1092 2723 inquit

72 2725 192 2798 [Varro]
207 2740 235 2779 oe
249 2756 275 2765 -
289 2743 329 2779 ess.
363 2727 397 2791 ef.
417 2726 455 2779 s'd.
472 2731 497 2791 7,
514 2732 555 2781 19.
576 2732 602 2793 6,
617 2733 643 2781 8.
668 2728 757 2782 Varro
772 2730 804 2783 ola
818 2729 835 2782 l.
851 2729 885 2782 L.
901 2732 928 2793 5,
942 2732 985 2782 64.
1021 2729 1091 2782 Tsrt.

74 2797 114 2852 ad
126 2802 184 2851 net.
199 2801 227 2862 2,
243 2801 286 2852 12.
309 2799 430 2852 Macrob.
447 2802 589 2864 1,10,20.
609 2800 712 2853 Arsob.
728 2804 753 2865 4,
768 2804 792 2853 9.
813 2800 884 2854 Sere.
899 2817 924 2870 p.
940 2803 965 2866 1,
978 2803 1023 2854 21.

492 2952 556 3007 140
580 2942 671 3028 [462]

144 3072 162 3129 I.
184 3071 273 3130 XVI.
314 3071 488 3130 Tellurem
507 3077 638 3148 putant
657 3092 731 3132 esse
751 3073 857 3150 Opem
877 3073 968 3149 quod
987 3093 1092 3151 opere

76 3161 148 3228 fiat
165 3160 301 3234 melior,
323 3161 471 3219 Matrem
490 3161 583 3237 quod
601 3161 758 3237 plurima
777 3165 910 3238 pariat,
928 3163 1092 3240 Magnam

76 3249 170 3326 quod
193 3249 310 3308 eibum
332 3252 468 3326 pariat,
495 3249 749 3327 Proserpinam
771 3251 864 3328 quo'd
887 3270 927 3310 ex
949 3251 989 3310 ea
1011 3271 1091 3328 pror

74 3340 233 3415 ,serpant
249 3339 384 3416 fruges,
409 3339 549 3397 Vestam
571 3340 664 3416 qnod
687 3341 868 3399 vestiatur
889 3340 1018 3399 herbis.

74 3463 77 3468 ¹
149 3436 266 3507 Asperat.
294 3438 360 3491 ibid.
391 3442 420 3503 7,
447 3441 485 3491 24
524 3452 636 3493 uenerem
669 3437 763 3506 inquit
794 3438 913 3513 [Varro]
950 3457 1033 3501 suam
1058 3472 1093 3479 —

72 3521 159 3563 suns.
197 3508 232 3573 cs.
256 3509 294 3561 id.
313 3513 344 3574 4,
367 3513 410 3563 10,
431 3513 455 3576 7,
468 3513 514 3565 20.
533 3513 578 3565 23.
623 3510 804 3568 Varrodsl.
824 3510 862 3565 L.
881 3514 976 3578 5,(14.
998 3512 1119 3562 nasu.

72 3578 234 3632 neminen.
249 3580 317 3632 Aen,
332 3585 359 3647 2,
373 3585 438 3636 296.
467 3583 540 3640 Isid.
556 3602 595 3643 er.
612 3589 644 3657 8,
659 3590 706 3657 11,
721 3591 769 3644 61.
