2422 3840
120 167 186 230 522
290 166 495 223 Gmmmotieae
515 168 618 223 aetatis
637 169 797 237 Augusteae
816 168 976 237 fragmenta

556 362 700 416 DUBIUM

606 481 648 537 31

186 579 272 636 misit
295 571 457 656 [Domitius
475 570 621 655 Insanos]
645 577 736 652 paulo
757 580 827 653 post
845 576 994 636 Favorino
1017 577 1138 651 librum,

120 685 209 742 quem
226 667 405 743 promiserat
422 658 524 746 (Verri
542 667 650 742 opinor
667 665 768 725 Flacci
786 658 874 746 erat),
891 667 924 724 in
943 685 1002 742 quo
1024 668 1138 744 scripta

120 755 158 813 ad
176 756 232 813 hoo
251 773 345 833 genus
358 757 542 831 quaestionis
560 756 743 831 pertinentia
757 755 829 813 haec
845 756 979 813 fuerunt:
999 760 1138 815 senatum

119 843 180 904 diei
203 847 234 903 et
260 864 314 920 pro
338 845 402 904 looo
426 847 457 903 et
478 863 533 919 pro
557 843 736 917 hominibus
763 843 917 902 civitatem
940 847 970 904 et
993 865 1048 920 pro
1073 846 1138 904 loco

92 935 151 991 oet
173 933 282 1009 oppido
311 936 341 991 et
367 952 422 1009 pro
449 935 513 991 iure
544 951 661 1008 quoque
691 933 824 990 omnium
848 936 878 991 et
899 953 954 1009 pro
982 935 1139 994 hominum

119 1022 321 1096 multitudine,
344 1022 439 1081 tribus
465 1040 582 1097 quoque
605 1025 636 1080 et
658 1021 793 1080 decurias
817 1022 877 1080 diei
895 1024 926 1079 et
948 1041 1003 1098 pro
1021 1023 1089 1082 loeo
1109 1028 1139 1082 et

119 1130 173 1187 pro
197 1113 261 1168 iure
286 1113 317 1169 et
342 1131 397 1187 pro
425 1110 608 1184 hominibus,
636 1112 804 1169 contionem
833 1114 932 1169 autem
956 1113 1017 1170 tria
1045 1115 1139 1190 signi·

118 1199 218 1274 ficere,
246 1201 344 1259 locum
372 1204 603 1278 suggestumque
633 1199 713 1256 unde
741 1199 832 1257 verba
858 1199 964 1259 fierent
992 1232 1034 1240 —
1064 1202 1140 1261 item

119 1288 285 1366 significare
318 1292 435 1348 eoetum
466 1289 573 1365 populi
600 1287 772 1346 adsistentis
800 1320 843 1329 -
870 1289 943 1347 item
971 1292 1139 1349 orationem

78 1391 104 1430 ιο
118 1379 216 1454 ipsam
239 1397 315 1453 quae
338 1378 376 1436 ad
399 1377 544 1454 populum
567 1377 721 1436 diceretur.

191 1469 259 1523 Geli.
275 1471 320 1534 18,
340 1471 366 1533 7,
386 1471 403 1521 5
420 1481 481 1521 mnu
499 1469 594 1519 autem
606 1481 675 1529 paulo
689 1498 716 1506 -
729 1481 814 1532 fierent,
833 1467 907 1520 siout
925 1467 962 1521 M.
978 1467 1089 1522 Tullius
1109 1470 1140 1522 in

117 1539 252 1605 oratione,
261 1556 332 1606 quae
340 1539 476 1607 inscripta
484 1542 527 1591 est
535 1540 632 1592 contre
639 1537 798 1591 contionem
806 1536 952 1602 Q.Metelli
963 1539 997 1610 [I
998 1539 1039 1593 1⁷³
1043 1559 1075 1609 p.
1080 1545 1120 1595 27
1121 1547 1140 1595 0

118 1610 351 1681 ommium:
367 1609 502 1664 ‘essendi'
518 1609 612 1676 inquit
627 1608 668 1661 ‘in
683 1609 851 1674 contionem,
866 1626 1015 1665 concursus
1030 1613 1075 1665 est
1088 1629 1140 1680 po-

116 1680 178 1750 puli
196 1681 315 1747 faetus’3
333 1696 387 1735 item
400 1713 428 1720 -
441 1695 574 1746 amasenus,
593 1680 676 1733 sicuti
695 1680 764 1733 item
783 1680 820 1734 M.
840 1680 948 1734 Tullius
972 1681 1002 1734 in
1026 1686 1139 1737 oratore

117 1751 159 1805 ait
177 1752 276 1876 3¹16&
304 1753 460 1806 ‘contiones
486 1769 570 1820 saepe
596 1751 753 1804 exclamare
780 1751 845 1818 vidi,
871 1769 935 1805 oum
960 1755 1026 1820 apte
1052 1755 1140 1808 verba

116 1823 176 1877 oeci
198 1823 292 1878 ‘ssent
312 1827 341 1876 et
359 1823 434 1876 enim
453 1825 618 1892 exspectent
635 1840 724 1888 aures,
743 1825 775 1875 ut
793 1823 886 1876 verbis
901 1822 1061 1894 conligetur
1076 1842 1139 1879 san-

117 1895 234 1961 tentia’3
253 1910 307 1950 item
320 1928 347 1935 -
361 1909 477 1950 moeretur.
506 1894 635 1962 exempla
652 1894 683 1946 in
702 1910 735 1947 eo
754 1894 826 1947 libro
846 1894 952 1963 scripta
970 1912 1027 1949 non
1046 1901 1138 1951 erant.

114 1983 229 2034 protero
246 1968 351 2022 similia
369 1973 436 2021 suut
453 1984 498 2035 ap.
514 1967 595 2019 Paul.
615 1967 689 2020 Fert.
704 1984 734 2034 p.
755 1970 799 2031 84,
819 1970 836 2020 9
859 1965 970 2035 (forum)
994 1973 1020 2020 et
1037 1973 1082 2035 41,
1101 1974 1140 2023 16

118 2039 300 2108 (conventus),
319 2039 386 2093 odeo
404 2045 436 2093 iit
453 2055 487 2092 eu
502 2038 596 2091 Verrio
609 2038 664 2091 isto
677 2037 790 2104 tooure
803 2039 915 2092 omuino
928 2038 1077 2094 uideantur
1091 2042 1138 2109 (ef.

117 2109 306 2165 Kreiisctmer
323 2111 341 2164 l.
361 2126 382 2164 o.
397 2127 427 2179 p.
448 2111 501 2177 72).

189 2213 204 2259 2
224 2210 256 2259 ut
274 2224 319 2276 op.
339 2209 488 2275 coinplires
507 2207 583 2261 codd.
674 2205 791 2276 lhaee]
810 2205 841 2259 id
860 2208 951 2260 Poris.
977 2208 1050 2262 Voss.
1071 2210 1138 2264 Lat.

116 2279 147 2331 F
165 2281 182 2331 7
272 2283 288 2330 5
307 2278 394 2350 omn]
414 2278 519 2331 civium
540 2277 608 2332 Otho
627 2275 779 2341 Quiritium
797 2277 911 2332 &eorl
929 2278 979 2331 del.
999 2280 1094 2334 Vassis

567 2463 683 2517 FALSA

188 2572 239 2624 etsi
255 2571 287 2623 iii
304 2573 339 2637 fr.
356 2575 392 2625 33
411 2571 555 2625 ‘Flaccos'
574 2571 686 2624 Verrius
702 2571 830 2625 oiileotur
848 2587 910 2637 esse,
928 2571 959 2624 id
973 2577 1066 2625 taureis
1079 2590 1138 2628 nou

115 2641 334 2708 amaverim,
357 2658 417 2696 oum
435 2644 555 2710 simplici
572 2643 730 2710 coquomiiw
748 2644 773 2696 is
791 2659 943 2710 numiam
961 2644 996 2696 ab
1015 2647 1137 2699 auotori-

116 2713 166 2766 oie
180 2718 249 2767 certo
262 2720 437 2782 nuncupetur
446 2715 490 2783 (of.
504 2714 590 2767 Graii.
602 2713 649 2766 Fl.
665 2713 702 2766 ool
715 2715 779 2780 fri
793 2720 917 2782 utsupra
927 2719 983 2767 test.
994 2716 1030 2783 1).
1055 2722 1139 2784 utque

116 2785 148 2837 iii
167 2784 256 2838 codiee
273 2785 352 2838 schol.
369 2784 453 2838 Beru.
473 2801 560 2854 peorp.
578 2788 603 2849 3,
619 2787 674 2836 532
693 2785 816 2855 ‘flopius’
838 2785 936 2853 leqitur
951 2801 1004 2852 pro
1023 2787 1138 2841 Philar-

115 2856 196 2924 9yrio
214 2871 261 2908 seu
279 2856 404 2925 Floprio.
442 2858 599 2926 frupmeiita
617 2859 661 2909 32.
682 2860 723 2910 34.
745 2860 780 2911 35
805 2857 899 2910 Verrio
917 2857 1016 2910 uituli
1034 2858 1139 2927 Hapen

117 2926 217 2994 (Fleelt.
232 2927 345 2980 Jolirbb.
362 2928 452 2994 suppl.
467 2931 502 2980 is
513 2931 585 2980 1867
599 2945 630 2995 p.
646 2928 709 2994 716)
728 2944 785 2981 ooo
798 2934 875 2993 reete,
892 2944 958 2980 nam
974 2928 1136 2984 ‘Haueris’

116 3013 214 3050 neiron
232 3003 288 3050 tam
307 3005 460 3052 cointium
475 3015 528 3066 pro
548 2998 688 3052 ‘Verrius'
707 3001 839 3067 scriplum
857 2999 919 3066 quio
937 2998 1044 3052 credet?

602 3133 647 3189 32

185 3227 271 3286 ambo
293 3247 348 3303 pro
372 3228 487 3302 ambos,
510 3229 564 3286 hos
588 3228 684 3286 ambo.
731 3231 772 3288 sio
797 3232 826 3287 et
848 3228 1004 3287 Homerus.

188 3326 274 3381 Soloi.
300 3328 383 3381 Beris.
410 3327 468 3381 buo.
493 3331 575 3394 6,18
601 3344 686 3380 senex
704 3345 755 3395 pro
780 3344 866 3381 senes.
896 3342 961 3381 umbo
975 3360 1002 3367 -
1016 3343 1138 3387 Homerus.

112 3395 233 3452 Iunilius
253 3397 329 3452 dicit.
359 3398 391 3451 de
410 3415 438 3450 re
457 3400 490 3466 cs.
510 3399 545 3465 fr.
565 3402 603 3452 20
621 3415 680 3452 oiim
701 3400 842 3453 adnotatio
860 3397 973 3467 (ἄμφω).

76 3507 248 3634 Bernsieut
265 3509 313 3566 ait
334 3508 453 3567 Verrius
474 3511 547 3569 colli.
572 3507 676 3583 Hopeu
696 3507 719 3563 l.
737 3525 760 3563 e.
778 3513 803 3561 et
825 3504 862 3559 ot
874 3505 939 3558 uio.
955 3511 986 3570 8,
1003 3512 1037 3560 30
1056 3511 1138 3564 sotol.
