2422 3840
116 189 182 253 422
243 198 245 203 “
265 188 471 243 Grammaticae
490 188 591 243 aetatis
610 189 801 244 Varronianae
820 189 993 259 fragmenta
1084 201 1104 212 ”

115 348 171 402 fnit
190 366 275 403 causa
295 352 323 403 et
342 349 445 417 Servio,
464 352 497 403 ut
515 349 582 418 dixi,
602 350 810 404 subtrahendae
830 367 841 403 s
861 350 982 414 litterae,
1002 351 1134 418 quotiens

114 418 216 473 ultima
235 424 308 475 esset
332 420 443 488 aliaque
466 424 636 476 consonante
659 421 854 489 susciperetur.
892 421 1002 475 Servius
1025 423 1137 476 videtur

114 491 256 629 {mages
282 510 350 559 esse;
376 495 409 559 cf.
434 493 526 563 Quint.
547 498 572 559 9,
592 498 617 559 3,
635 497 680 546 21.
721 495 854 561 ceteroqui
880 493 915 558 cf.
944 494 1026 547 Meso.
1055 495 1132 548 Coro.

436 709 471 772 Β.
495 709 554 773 ux
574 697 822 773 ussrousis

483 863 500 916 1
529 851 609 936 [116
627 851 765 936 Breviter]

183 965 251 1036 Dip.
272 965 323 1034 50,
340 967 390 1032 16,
406 967 449 1023 30
459 984 507 1038 pr.
541 963 632 1023 Gaius
665 963 741 1022 libro
775 963 901 1039 septimo
933 963 970 1022 ad
1001 963 1134 1022 edictum

114 1054 311 1127 provinciale:
339 1054 416 1112 silva
438 1054 549 1112 caedua
573 1056 626 1128 est,
650 1058 684 1110 ut
708 1052 827 1128 quidam
851 1055 971 1128 putant,
1000 1071 1077 1127 quae
1100 1055 1133 1110 in

115 1141 170 1199 hoc
192 1141 322 1200 habetur
343 1147 377 1201 ut
401 1143 580 1202 caederetur.
628 1142 749 1201 Servius
777 1161 842 1200 eam
866 1159 937 1216 esse,
967 1160 1043 1215 quae
1067 1160 1133 1200 suc-

116 1232 177 1288 cisa
198 1251 300 1291 rursus
324 1251 358 1289 ex
382 1232 524 1308 stirpibus
549 1235 602 1291 eut
623 1231 773 1290 radicibus
796 1232 968 1289 renascitur.

459 1437 492 1503 o.
516 1437 789 1505 salernum
875 1520 877 1525 ¹

289 1596 337 1649 EX
357 1595 473 1650 LIBRIS
492 1596 541 1650 Du
560 1596 685 1651 SACRIS
705 1594 956 1649 DETESTANDIS

527 1732 549 1789 2
573 1723 715 1808 [12225]
762 1753 763 1758 ¹

121 1906 123 1910 Α
182 1837 231 1895 lib.
250 1837 297 1895 ΙΙ.
346 1837 465 1896 Servius
499 1837 649 1912 Sulpicius
685 1836 904 1896 iureconsultus
938 1835 985 1893 vir
1022 1836 1133 1893 aetatis

115 1943 187 1983 suae
205 1925 393 1985 doctissimus
412 1926 444 1984 in
462 1926 539 1985 libro
559 1926 595 1984 de
614 1929 705 2003 saeris
724 1924 906 1984 detestandis
924 1923 1053 1983 secundo
1073 1943 1133 1998 qua

115 2014 231 2085 ratione
260 2015 405 2074 adductus
435 2018 649 2074 testamentum
679 2015 802 2073 verbum
831 2032 894 2073 esse
922 2012 1030 2088 duplex
1061 2015 1133 2071 scri-

115 2104 217 2179 pserit,
244 2122 304 2163 non
328 2105 457 2180 reperim
485 2123 555 2162 nam
578 2105 775 2180 compositum
798 2122 860 2162 esse
873 2103 960 2160 <dixit
983 2120 1001 2159 a
1023 2101 1132 2160 mentis

116 2192 340 2252 contestatione.

190 2290 256 2344 Getl.
274 2295 379 2358 7,12,1
395 2305 483 2346 Servius
492 2306 694 2346 —eonteseasone
723 2290 792 2358 quid
805 2289 894 2359 igitur
908 2287 1133 2352 calciamentum,

116 2361 184 2429 quid
217 2361 463 2431 paludamentum,
491 2363 560 2431 quid
592 2363 797 2431 pavimentum,
830 2361 898 2429 quid
926 2360 1133 2425 vestimentum,

117 2432 185 2500 quid
209 2432 266 2486 alia
288 2432 368 2488 mille
390 2451 441 2502 per
459 2434 575 2487 huiusce
594 2433 671 2486 modi
694 2433 812 2486 formam
835 2431 985 2500 producta,
1009 2430 1133 2484 etiamne

116 2503 172 2556 ista
190 2504 285 2558 omnia
303 2505 459 2574 composita
473 2505 616 2559 dicemus?
645 2506 679 2571 cf.
699 2505 814 2572 Ulpiae.
834 2505 930 2570 ΜΟ,
945 2506 968 2554 1.
997 2503 1133 2568 restite,

117 2579 153 2628 10
166 2592 212 2644 pr.
232 2576 309 2646 (Dia.
328 2581 373 2642 28,
394 2582 418 2643 1,
431 2580 468 2642 2).
497 2578 565 2630 leid.
584 2594 623 2631 or.
638 2581 664 2642 5,
677 2580 723 2642 24,
736 2580 763 2629 2.
793 2574 870 2630 OGL
890 2574 989 2639 V157‚
1003 2576 1047 2627 17.

411 2736 460 2788 ux
478 2735 586 2789 ureae
605 2735 653 2788 us
678 2733 833 2788 correus
856 2698 861 2705 ”

577 2863 670 2947 3[1]
781 2864 788 2932 I

184 2977 245 3051 qui
268 2996 414 3035 uxorem
433 2975 605 3035 ducturus
630 2981 720 3048 erat,
740 2975 781 3033 eb
802 2994 839 3033 eo
863 2972 953 3032 unde
973 2971 1134 3030 ducenda

118 3069 196 3124 erat
224 3066 474 3141 stipulabatur
497 3085 571 3123 eam
594 3066 630 3122 in
650 3064 919 3122 matrimonium
937 3062 1059 3119 datum
1077 3062 1133 3118 iri.

118 3156 178 3230 qui
196 3155 371 3213 ducturus
387 3158 477 3227 erat,
492 3154 617 3212 itidem
633 3154 838 3228 spondebat.
871 3154 902 3209 is
921 3152 1133 3209 contractus

118 3244 399 3319 stipulationum
414 3243 718 3319 sponsionumque
732 3241 922 3300 dicebatur
936 3239 1148 3315 sponsalia'

91 3336 202 3391 stunc
221 3353 310 3408 quae
329 3335 505 3408 promissa
524 3336 614 3405 erat,
634 3350 763 3406 sponsa
783 3329 1052 3406 appellabatur,
1073 3327 1134 3402 qui

118 3422 362 3498 spoponderat
386 3421 588 3494 ducturum,
612 3439 772 3495 sponsus

110 3538 115 3545 ⁴
182 3521 250 3577 Gell.
268 3527 369 3593 441
389 3519 536 3594 sponsalia
556 3521 588 3575 in
614 3536 650 3575 ea
674 3522 761 3589 parte
781 3517 893 3580 italiae,
920 3531 992 3582 quae
1020 3514 1134 3583 Latium

89 3592 271 3668 appellatur,
301 3599 361 3656 boc
389 3615 471 3656 more
501 3599 592 3670 atque
620 3593 684 3650 inre
706 3591 796 3647 solita
812 3587 881 3642 tien
899 3586 1012 3651 scripsit
1026 3585 1143 3637 sentus.
