2422 3840
487 199 611 254 Cloatius
629 200 719 254 Varus

547 370 567 427 8
607 372 648 427 10

164 468 183 525 l.
202 467 260 525 IV.
306 485 377 524 nux
401 463 535 525 Graeca
558 362 755 544 arirygdale.

170 566 293 619 Macrob.
310 568 430 631 3,18,8
452 581 509 617 nux
528 563 634 619 Graeca
652 565 722 619 haec
741 567 796 632 est,
820 582 893 634 quae
912 568 941 620 et
961 564 1111 636 amygdala

97 636 210 702 dicitur,
233 636 283 690 sed
302 638 331 689 ct
349 635 455 689 Thasia
473 636 572 689 eadem
589 654 646 689 nux
665 639 787 691 vocatur.
823 637 904 691 testis
924 641 967 692 est
986 636 1111 691 Cloatius

96 709 127 760 in
150 706 342 761 ordinatorum
360 706 529 761 Graecorum
547 707 619 762 libro
638 710 751 775 quarto,
771 726 834 762 cum
852 709 893 762 sic
912 709 965 763 ait:
988 734 1037 762 nux
1052 721 1077 762 a.
1092 734 1111 762 a.

95 780 130 846 cf.
147 779 222 833 Plio.
241 796 267 831 a.
283 780 308 832 t.
324 783 368 846 15,
383 783 427 833 89.
461 778 533 833 Sero.
552 784 694 849 9.1,187.
728 782 786 834 bac.
800 783 828 846 2,
843 783 887 834 52.
920 781 1006 836 Schol.
1026 781 1110 834 Bere.

94 869 119 920 9.
136 851 202 904 ibid.
221 851 290 904 Iaid.
310 867 348 906 or.
368 855 412 916 17,
426 854 452 916 7,
465 854 509 905 23.
549 850 634 905 GGL
648 852 705 904 ΙΙΙ
717 855 837 918 264,14.

546 985 566 1041 9
606 985 648 1042 13

162 1080 298 1139 Africa
328 1080 450 1139 albula
480 976 679 1139 arund[in0]a
710 1082 907 1157 asinastra,
942 1084 1021 1141 atra
1048 1100 1110 1156 pa-

96 1170 209 1244 lasea,
233 1170 396 1247 Augusta
419 1169 536 1228 bifera
561 1168 700 1244 Carica,
724 1171 864 1229 caldioa
888 1171 970 1230 alba
992 1170 1110 1248 nigra,

97 1257 183 1317 Chia
206 1258 288 1316 alba
311 1261 430 1335 nigra,
462 1257 708 1334 Calpurniana
735 1259 817 1318 alba
840 1259 958 1336 nigra,
987 1277 1110 1318 cucur-

94 1347 211 1405 bitiva
235 1348 421 1406 duricoria
443 1346 669 1407 Herculanea
693 1347 847 1408 Liviana
869 1349 971 1406 ludia
993 1348 1110 1424 lepto-

94 1436 195 1494 ludia
209 1435 364 1495 Marsica
377 1436 571 1496 Numidica
589 1439 691 1513 pulla
708 1438 926 1514 Pompeiana
943 1455 1109 1513 praecox,
1124 1450 1136 1491 s

95 1525 245 1583 'Pellana
269 1527 355 1582 atra.

167 1624 291 1677 Macrob.
306 1627 333 1689 3,
346 1627 423 1688 20,1
447 1623 599 1676 admonent
621 1642 671 1678 nos
691 1627 719 1677 et
742 1624 788 1677 fici
812 1625 921 1691 aridae,
945 1626 978 1677 ut
997 1640 1109 1678 enume-

93 1712 186 1747 remus
211 1710 316 1760 genera
341 1693 455 1748 ficorum
481 1695 579 1748 eodem
604 1694 712 1748 Cloatio
736 1713 786 1749 nos
810 1697 845 1749 de
868 1696 912 1749 his
935 1698 968 1750 ut
991 1695 1027 1749 de
1045 1694 1109 1749 aliis

94 1766 257 1818 instruente.
282 1765 322 1818 sic
340 1766 416 1818 enim
435 1765 558 1818 diverses
576 1766 642 1820 ficos
662 1765 828 1835 diligentiae
847 1784 913 1821 suae
932 1783 1009 1821 more
1029 1766 1108 1820 dinu-

94 1839 196 1889 meret:
215 1849 294 1890 Afriee
311 1869 338 1875 -
357 1853 411 1890 atra.
448 1837 482 1903 cf.
502 1838 570 1891 Isia.
591 1855 629 1892 or.
650 1842 693 1903 17,
708 1842 733 1904 7,
749 1842 792 1892 17.

165 1939 181 1984 4
200 1933 329 1999 lavianaa
353 1935 438 1989 Vatia.
528 1936 676 1989 tnnmica
695 1936 788 1991 Poris.

532 2071 573 2126 10
597 2061 669 2147 [12]

159 2165 393 2225 Anicianam
429 2165 695 2224 cucurbitivum
727 2167 910 2225 cirritum
947 2168 1108 2226 cervisea

93 2254 314 2313 calculosum
346 2253 613 2314 Crustuminum
642 2255 864 2313 decimanum
895 2254 1107 2314 Graeculum

92 2343 301 2401 Lollianum
333 2343 576 2403 Lanuuinum
611 2344 774 2402 laureum
808 2343 1107 2403 Lateresianum

92 2435 293 2508 myrapium
325 2431 507 2491 Milesium
543 2435 718 2491 murteum
754 2433 977 2492 Naeuianum
1012 2433 1107 2491 orbi-

94 2521 252 2579 culatum
279 2521 515 2580 Praecianum
541 2521 659 2580 rubile
688 2520 876 2599 Signinum
900 2522 1107 2581 Tullianum

92 2610 278 2668 Titianum
296 2611 512 2686 thymosum,
535 2611 799 2669 Turranianum
817 2629 984 2686 praecox,
1007 2611 1106 2670 vole-

92 2719 195 2774 mum3
217 2699 406 2775 mespilum
424 2719 552 2773 serum,
572 2701 809 2759 sementivum
827 2718 956 2774 serum,
975 2701 1106 2759 Taren·

90 2790 208 2845 tinum
231 2806 360 2862 serum,
382 2787 616 2847 Valerianum
639 2807 762 2846 serum.

164 2889 288 2942 Macrob.
304 2891 330 2954 3,
345 2891 389 2953 19,
404 2891 422 2942 6
444 2887 507 2955 pira
524 2918 552 2925 —-
569 2887 690 2940 varietas
713 2887 858 2940 nominum
881 2903 1029 2941 numerosa
1050 2887 1105 2940 dis-

91 2957 196 3023 cernit3
237 2975 303 3010 nam
331 2958 407 3012 idem
435 2956 560 3012 Cloatius
590 2957 630 3010 sic
663 2973 758 3010 eorum
789 2957 927 3011 vocabula
959 2958 1105 3013 describit:

91 3041 227 3082 Anicianam
244 3062 271 3068 —
289 3055 368 3084 serum.
404 3030 438 3096 Cf.
459 3030 527 3083 Isid.
547 3045 586 3082 or.
605 3032 748 3095 17,7,15,

89 3227 108 3278 3
130 3155 276 3278 wfogtucsc
285 3171 318 3208 ea
329 3154 434 3209 Cloatio
447 3154 567 3208 olearum
577 3172 680 3223 qaoque
693 3155 860 3209 mamaeae
873 3154 964 3221 (luxit,
980 3153 1105 3210 Macrob.

108 3264 116 3291 ,
169 3267 177 3290 ,
212 3268 217 3277 .

446 3402 630 3457 lNcaaTAn
650 3401 750 3456 SEDIS

162 3545 222 3580 curu
244 3535 339 3583 neuter
362 3529 438 3598 teter,
462 3547 543 3601 quens
562 3531 706 3596 uidimus,
730 3529 771 3583 ud
791 3528 903 3597 utoseoa
922 3534 1001 3585 quoe
1020 3511 1193 3614 mwifffsa,

77 3600 299 3655 accommodatas
317 3619 373 3658 esce
392 3605 538 3675 videatur,
566 3606 686 3662 tertiare
713 3599 846 3656 catittasc
872 3578 1100 3645 metamaucus
