2422 3840
431 190 468 244 M.
488 189 602 243 Verrius
620 189 737 244 Flaccus
1026 190 1090 253 521

564 361 608 418 27

143 502 268 542 amoena
290 484 356 541 loca
378 483 500 542 Verrius
520 483 642 541 Flaccus
667 483 747 542 dicta
770 484 813 541 ait
837 501 870 542 eo
895 482 972 557 quod
996 485 1093 542 solum

77 591 207 630 amorem
230 574 383 647 praestent
406 576 436 630 et
460 571 495 628 ad
521 567 594 649 (se)
618 572 745 630 amanda
768 572 911 630 alliciant.

147 678 216 733 Isid.
237 696 275 732 or.
291 685 334 745 14,
354 684 382 745 8,
402 684 436 733 33
455 704 549 733 amoena
562 712 589 718 —
603 693 714 743 alliciant3
738 679 826 732 Varro
847 679 893 748 [fr
913 679 987 749 413}
1015 681 1093 734 &trid-

76 752 131 804 tias
154 751 236 803 Pool.
257 752 328 804 Fest.
347 767 378 819 p.
398 755 425 816 2,
445 756 462 804 9
484 766 603 804 amoena
626 750 703 804 dicta
726 753 792 804 sunt
814 751 889 817 loca,
913 766 986 818 quae
1009 751 1046 803 ad
1065 769 1094 804 se

77 822 198 874 amanda
217 820 346 875 alliciant
363 821 393 874 id
414 824 456 876 est
473 822 597 875 trahant.

149 953 162 998 1
185 945 260 1000 Verr.
276 946 328 1017 Fl]
344 946 432 1001 Varro
451 954 475 1000 et
493 947 571 1013 infra
586 946 662 1000 Verr.
679 945 719 999 Fl.
734 947 809 1001 codd.
817 967 827 1013 ;
844 946 891 999 sed
909 948 944 1012 of.
960 947 1031 1001 Sero.
1048 963 1093 1014 ap.

79 1019 157 1072 Vorr.
178 1020 194 1072 t
214 1034 236 1071 o.
328 1024 343 1069 2
363 1020 507 1087 praestent
525 1036 579 1088 op:
599 1019 746 1086 praestant
836 1035 864 1070 sc
884 1018 947 1071 ado.
967 1037 1008 1088 op.

565 1215 610 1272 28

145 1358 235 1413 quam
257 1337 380 1396 Verrius
403 1339 527 1396 Flaccus
551 1338 753 1414 Angeroniam
781 1338 840 1396 dici
867 1338 911 1396 ait
940 1339 1019 1413 quod
1044 1358 1095 1396 an-

78 1446 163 1504 gores
188 1445 222 1484 ac
245 1427 459 1485 sollicitudines
484 1429 651 1485 animorum
673 1429 839 1503 propitiata
862 1427 1001 1503 depellat.

151 1534 274 1587 Macrob.
291 1540 315 1599 1,
331 1538 374 1599 10,
389 1538 406 1587 7
421 1550 634 1597 quum-depellat
664 1534 746 1589 Paul.
762 1536 834 1589 Fett.
847 1551 875 1603 p.
893 1539 983 1600 17,11
1003 1536 1096 1604 Ange-

78 1621 163 1657 ronae
183 1605 251 1656 deae
271 1621 349 1657 sacra
368 1621 385 1657 a
404 1605 537 1658 Romanis
556 1605 689 1659 instituta
707 1609 786 1673 sunt,
808 1623 871 1659 cum
891 1605 996 1675 angina
1015 1622 1095 1659 omne

79 1693 167 1745 genus
187 1675 351 1728 animalium
371 1679 593 1741 consumeretur,
613 1677 691 1730 ouius
715 1677 789 1730 festa
807 1677 997 1746 Angeronalia
1022 1677 1096 1730 dicc-

79 1748 190 1799 bantur.
228 1749 262 1815 cf.
283 1748 370 1802 Varro
388 1749 421 1801 de
440 1749 456 1800 l.
477 1747 511 1800 L.
527 1753 553 1814 6,
567 1751 612 1801 23.
641 1749 673 1802 de
691 1750 865 1804 collocatione
884 1748 917 1815 cf.
939 1755 994 1803 test.
1011 1754 1053 1803 10.

567 1945 610 2002 29

148 2069 270 2127 Verrius
293 2068 418 2127 Flaccus
441 2069 610 2144 iuniperum
633 2070 770 2126 iuvenem
793 2070 892 2144 pirum
915 2069 996 2126 dicit.

152 2177 224 2231 Sero.
244 2176 321 2230 Doo.
342 2178 398 2230 boo.
421 2181 446 2242 7,
462 2180 497 2229 53
520 2190 612 2229 Verrius
626 2208 652 2215 -
666 2189 727 2229 uicit.
755 2191 818 2229 vere
838 2177 933 2228 autem
952 2175 1097 2244 iuniperus

81 2249 123 2300 est
146 2247 228 2315 quasi
252 2246 356 2300 aculeis
382 2247 512 2315 praedita
537 2246 622 2300 bacas
649 2248 685 2299 ad
711 2246 817 2315 piperis
840 2246 963 2315 speciem
989 2263 1096 2316 gerens.

81 2321 115 2385 cf.
135 2320 204 2372 Isid.
224 2336 262 2374 or.
278 2323 322 2385 17,
339 2322 363 2384 7,
378 2323 422 2373 35.

570 2454 612 2509 30

149 2575 289 2633 diaeresis
318 2578 363 2634 est
387 2577 523 2650 quotiens
551 2595 611 2633 una
639 2575 756 2650 syllaba
783 2576 814 2631 in
843 2574 917 2631 duas
945 2574 1099 2649 dividitur,

84 2667 249 2738 synaeresis
273 2666 317 2722 est
336 2683 351 2722 e
371 2667 519 2722 contrario
544 2666 679 2738 quotiens
704 2663 779 2720 duae
801 2663 934 2738 syllabae
957 2664 989 2720 in
1007 2683 1098 2721 unam

83 2754 307 2811 contrahuntur.
344 2772 415 2811 nam
434 2754 574 2812 diaeresis
594 2755 639 2811 est
662 2745 756 2830 [an
772 2771 840 2810 ooo.
857 2753 899 2810 33
915 2745 975 2831 W]
996 2747 1099 2811 ‘Albai

83 2837 197 2920 longai’
220 2861 274 2918 pro
299 2861 332 2899 eo
356 2841 435 2917 quod
455 2845 500 2901 est
525 2837 631 2900 ‘Albae
650 2835 777 2918 longae’,
801 2844 836 2899 ut
854 2843 900 2901 est
921 2841 999 2899 illud
1018 2842 1098 2917 apud

83 2931 249 3007 Vergilium
266 2925 353 3009 [Aeo.
366 2934 394 2997 9,
404 2925 477 3008 26]:
494 2926 586 2990 ‘dives
601 2932 694 3006 pictai
708 2931 798 2988 vestis
814 2932 844 2988 et
858 2925 944 3004 auri’‚
961 2924 1005 3008 [3,
1018 2925 1097 3010 354]

85 3014 179 3078 ‘aulai
202 3021 299 3078 medio
319 3020 454 3078 libabant
476 3020 585 3095 pocula
603 3014 734 3078 Bacchi':
758 3039 818 3077 una
837 3019 953 3095 syllaba
974 3020 1005 3076 in
1026 3019 1099 3079 duas

83 3109 180 3168 divisa
204 3112 255 3168 est.
297 3109 387 3186 legite
411 3110 550 3167 Verrium
572 3109 713 3167 Flaccum
736 3112 766 3166 et
790 3108 933 3167 Catonem
958 3102 1008 3186 [os.
1035 3109 1098 3168 Vol.

83 3193 203 3276 froyla]
229 3198 323 3255 stibi
345 3199 511 3256 invenietis.

155 3307 250 3374 Pomp.
275 3313 411 3359 commeat.
434 3322 463 3373 p.
482 3310 548 3372 297,
566 3310 605 3360 28
628 3320 780 3360 diaeresis-
800 3318 923 3359 invenistis.
961 3303 1002 3357 ita
1026 3305 1100 3358 enim

84 3376 244 3429 scribebant
269 3376 389 3430 maiores
415 3377 504 3430 nostri
530 3376 618 3444 aulai,
645 3393 662 3429 a
688 3379 717 3429 et
742 3375 759 3428 i.
797 3377 830 3429 de
856 3377 1013 3430 litteratura
1037 3378 1107 3426 boec

84 3455 163 3516 atquo
186 3451 217 3501 io
241 3450 310 3503 libro
333 3449 377 3502 De
404 3449 526 3503 obscuris
550 3449 663 3503 Catonis
692 3449 780 3514 faisse
807 3447 962 3504 cidamum
987 3443 1132 3491 eumaem

83 3526 159 3585 wib
181 3521 230 3587 lui
252 3521 332 3573 iuxta
356 3521 480 3576 Verrium
507 3523 591 3591 quasi
614 3523 658 3576 soi
683 3519 893 3592 grammaticos
918 3512 1019 3562 uastas
1045 3509 1154 3549 nasac-

75 3596 163 3654 ναίων,
182 3592 214 3643 P.
238 3592 377 3647 Valeriam
396 3611 453 3650 csse
472 3597 524 3650 oisc
544 3596 683 3652 credibile
703 3599 756 3648 cst.
