2422 3840
434 154 464 211 P.
483 153 616 224 Nigidius
635 153 752 225 Figulus
905 207 907 211 ,
1035 154 1099 220 169

520 326 583 382 22·
604 325 647 381 12
752 324 755 330 ’
841 322 843 326 ’

150 432 234 489 sunt
257 431 366 489 etiam
394 317 661 488 adsimularitei
688 429 786 489 dicta
813 404 913 503 hacc,
942 431 1099 503 canatim

81 521 218 580 suatim
240 519 412 594 bovatim,
438 538 527 594 quae
550 518 591 576 ab
616 519 833 578 animalibus
858 522 1053 579 sumuntur.

154 620 229 672 Noa.
241 634 269 685 p.
285 621 330 683 40,
339 621 375 672 21
394 617 518 671 canatim
536 617 637 670 suatim
657 617 790 684 bovetim‚
810 620 956 672 canumet
976 636 1057 671 suum
1071 620 1100 671 et

80 689 167 743 boum
182 705 292 758 genere.
325 687 457 757 Nigidius
476 688 684 742 commentariis
703 689 895 758 grammaticis
915 689 1045 760 [conmen
1059 691 1100 744 oct

82 761 240 815 commento
259 777 385 830 grommo
404 760 506 830 codd.]:
526 778 617 813 sunt-
631 777 753 814 sumuntur.

155 857 168 902 1
191 848 396 902 adsimutanter
414 849 506 919 Iniqui.

518 1001 563 1059 23
587 993 658 1078 [41]

148 1106 270 1165 nomina
298 1105 447 1185 verbaque
475 1125 535 1164 non
557 1107 659 1181 positu
685 1106 811 1164 fortuito
836 1106 888 1165 sed
915 1106 1045 1181 quadam
1067 1107 1099 1167 vi

82 1198 112 1254 et
135 1195 251 1254 ratione
281 1197 406 1254 naturae
430 1196 512 1254 facta
535 1213 597 1254 esse
620 1195 652 1253 P.
675 1195 816 1272 Nigidius
839 1194 872 1252 in
895 1197 1098 1272 grammaticis

81 1285 303 1343 commentariis
323 1285 418 1358 docet,
436 1304 499 1342 rem
519 1285 635 1342 sanein
653 1284 861 1359 philosophiae
880 1285 1098 1344 discertationi-

82 1373 138 1431 bus
153 1372 305 1432 celebrem.
343 1375 447 1447 quaeri
461 1375 540 1431 enim
559 1373 682 1432 solitum
698 1376 772 1448 aput
789 1373 991 1448 philosophos,
1010 1375 1099 1450 φύσει

80 1459 116 1520 τὰ
140 1457 270 1537 ὀνόματα
297 1463 359 1520 sint
384 1459 404 1539 ἢ
428 1459 517 1520 θέσει.
563 1463 595 1519 in
619 1480 685 1520 eam
712 1479 775 1519 rem
797 1463 893 1520 multa
921 1466 1099 1539 argumenta
1125 1479 1138 1520 s

81 1551 164 1624 dicit,
188 1569 240 1609 cur
258 1550 353 1609 videri
376 1553 492 1626 possint
514 1550 605 1609 uerba
629 1569 691 1610 esse
714 1551 866 1609 naturalia
888 1553 985 1628 magis
1010 1572 1099 1628 quam

81 1640 250 1698 arbitraria.
289 1641 450 1714 exquibus
472 1641 528 1698 hoc
551 1639 649 1697 visum
667 1642 713 1698 est
736 1640 869 1715 lepidum
893 1643 923 1699 et
945 1641 1099 1701 festivum:

81 1747 143 1787 vos
173 1728 274 1803 inquit
303 1748 379 1787 cum
411 1729 577 1802 dicimus,
609 1732 706 1787 motu
739 1728 889 1803 quodam
920 1730 992 1788 oris
1022 1749 1099 1789 con·

80 1817 251 1876 ueniente
273 1836 348 1875 cum
371 1817 487 1893 ipsius
506 1817 608 1876 verbi
631 1817 941 1876 demonstratione
964 1820 1100 1877 utimur

82 1907 116 1964 et
139 1905 262 1965 labeas
287 1909 419 1966 sensim
441 1908 618 1982 primores
643 1925 842 1966 emovemus
866 1925 905 1966 ae
928 1908 1099 1983 spiritum
1113 1925 1139 1964 lo

82 1998 190 2070 atque
223 1995 376 2053 animam
407 2015 514 2071 porro
546 2013 688 2054 versum
716 1999 751 2054 et
778 1995 822 2053 ad
852 2014 923 2070 eos,
956 1996 1099 2071 quibus-

81 2103 158 2143 cum
173 2085 460 2158 sermocinamur,
475 2084 704 2142 intendimus.
733 2086 770 2142 at
783 2086 909 2143 contra
923 2104 999 2143 cum
1013 2085 1098 2144 dici-

81 2191 157 2232 mus
175 2191 251 2247 noS‚
274 2192 387 2248 neque
406 2174 556 2249 profuso
579 2174 794 2248 intentoque
812 2174 908 2231 flatu
926 2177 1025 2234 vocis
1044 2195 1099 2234 ne·

82 2280 148 2336 que
162 2262 337 2336 proiectis
355 2262 469 2321 labris
488 2264 781 2337 pronuntiamus,
800 2252 860 2320 sed
879 2266 913 2321 et
927 2263 1099 2338 spiritum

82 2353 117 2408 et
149 2349 273 2409 labeas
311 2353 415 2426 quasi
446 2352 545 2410 intra
580 2354 720 2410 nosmet
751 2351 848 2427 ipsos
886 2371 1097 2412 coercemus.
1113 2369 1138 2409 15

81 2439 146 2498 hoc
178 2439 270 2498 idem
301 2441 348 2499 fit
379 2443 413 2498 et
442 2439 478 2497 in
509 2458 561 2514 eo,
593 2439 686 2515 quod
718 2440 870 2499 dicimus
900 2443 938 2499 tu
970 2460 1032 2518 ego
1064 2445 1099 2499 et

80 2527 153 2586 tibi
179 2531 214 2586 et
243 2529 339 2586 mihi.
392 2547 471 2587 nam
501 2529 625 2603 sicuti,
658 2547 733 2587 cum
763 2529 951 2588 adnuimus
980 2533 1014 2588 et
1044 2530 1098 2588 ab·

81 2618 238 2691 nuimus,
270 2619 386 2676 motus
417 2617 560 2693 quidam
591 2617 656 2675 ille
684 2618 741 2676 vel
771 2620 905 2692 capitis
933 2620 990 2678 uel
1021 2638 1098 2677 ocu-

82 2706 199 2763 lorum
218 2725 236 2764 a
254 2709 384 2764 natura
407 2707 461 2764 rei
485 2726 587 2781 quam
611 2707 804 2782 significat
826 2725 895 2765 non
919 2707 1097 2782 abhorret,

81 2795 136 2852 ita
166 2795 202 2851 in
231 2794 286 2854 his
316 2795 465 2855 vocibus
496 2794 599 2870 quasi
631 2797 754 2872 gestus
788 2796 932 2871 quidam
962 2799 1035 2856 oris
1064 2801 1138 2855 etro

81 2883 238 2958 spiritus
261 2885 445 2943 naturalis
465 2887 527 2943 est.
565 2884 685 2942 eadem
703 2885 798 2943 ratio
818 2888 872 2943 est
894 2885 930 2942 in
951 2883 1098 2944 Graecis

81 2990 221 3047 quoque
255 2972 418 3048 vocibus,
456 2993 560 3048 quam
593 2991 669 3031 esse
701 2973 737 3030 in
769 2976 905 3032 nostris
943 2974 1098 3033 animad-

81 3061 264 3120 vertimus.

156 3158 223 3213 Gall.
234 3164 303 3224 10,4
317 3173 649 3214 nomina—animadvertimus.
677 3161 711 3226 cf.
725 3161 867 3231 Chrysion.
879 3162 956 3229 apud
967 3161 1064 3216 Galea.
1076 3163 1103 3215 V

77 3247 108 3298 p.
123 3235 178 3284 216
187 3230 224 3284 K.
263 3230 425 3297 RScbmidt,
444 3233 477 3286 de
495 3231 576 3286 Stoic.
595 3239 739 3302 grammat.
754 3250 785 3300 p.
801 3236 842 3286 34.

154 3341 169 3388 3
185 3335 401 3390 discretionibus
413 3338 485 3391 Voss.
497 3339 598 3392 LotF
607 3343 661 3392 112
683 3337 936 3406 disceptationibus
952 3339 1098 3405 Mcrclslio,

81 3409 128 3462 sed
146 3410 180 3474 cf.
203 3407 294 3472 Goetz,
316 3409 400 3462 Arcb.
419 3409 440 3474 f.
461 3409 525 3463 Lat.
545 3410 613 3464 Lea.
632 3415 659 3474 2,
675 3413 728 3463 347
818 3416 833 3462 ὅ
859 3409 934 3464 ΤὰΟ
953 3409 1098 3462 nominata

82 3480 148 3533 sunt
168 3477 235 3547 (sint
252 3479 349 3548 Besa.)
368 3481 453 3534 Besa.
474 3481 564 3535 Paris.
586 3482 658 3535 Voss.
679 3481 780 3535 Laus
797 3485 813 3536 7
907 3480 976 3533 bd.
994 3480 1066 3546 oui&
1078 3480 1115 3527 br

81 3552 167 3605 Besa.
184 3550 255 3603 Voss,
270 3550 339 3604 idem
357 3550 415 3603 dn‘r
422 3553 514 3608 Paris.
564 3554 670 3610 natura
685 3557 731 3627 ies
744 3557 821 3610 natu
837 3554 949 3623 Poris}
966 3549 1032 3606 aba
1043 3547 1137 3599 iidata
