2422 3840
123 171 190 235 540
287 171 494 227 Gremmeiicee
513 171 615 227 aciatis
634 173 796 242 Augusieee
814 171 975 242 fragmenta

123 336 225 399 mum'.
271 361 331 400 non
360 343 439 400 enim
466 340 576 400 videris
605 340 701 399 dicere
731 335 895 416 ‘hominem
924 335 1064 398 emicum’
1089 339 1140 398 sed

125 425 254 489 ‘homine
277 425 457 503 memicum'‚
486 429 565 506 quod
588 432 633 489 esi
659 432 856 506 incongruum
879 432 910 488 ei
931 431 1140 488 inconsonans.

97 519 262 581 esimiliier
281 514 441 578 ‘oratorem
460 515 617 595 optimum'
637 518 747 578 videris
766 518 862 576 dicere
883 513 1012 577 ‘oratore
1031 520 1139 594 mopii·

122 603 226 666 mum'.
273 608 381 667 bouem
404 608 550 667 rationem
574 607 650 666 dixis
672 607 818 681 Melissus,
847 626 904 682 quo
928 606 1016 666 modo
1039 607 1139 666 uitan-

123 697 194 755 dum
226 700 271 756 esi
302 698 358 756 hoo
390 697 513 772 vitium,
550 717 587 756 ne
619 698 805 754 incurremus
837 698 869 754 in
901 696 984 754 eliud
1021 695 1140 755 vitium.

122 787 297 861 plerumque
335 788 412 844 enim
447 787 499 844 aui
533 787 725 861 suspensione
761 785 973 861 pronuntiatur
1005 787 1060 843 uui
1092 804 1139 842 ex·

123 875 269 933 elusione:
311 875 502 951 suspensione
538 874 751 949 pronuntietur
787 877 813 932 si
850 874 930 932 dices
973 867 1139 932 ‘hominem

83 983 109 1022 ιο
124 958 276 1038 amicum’,
306 966 478 1038 interponas
511 963 625 1038 aliquid
657 967 744 1039 putu,
774 958 938 1021 ‘oratorem
966 957 1141 1037 optimum'3

123 1055 177 1111 eui
204 1056 283 1111 certe
312 1056 337 1112 si
365 1054 439 1111 velis
470 1052 636 1127 excludere,
665 1047 799 1110 ‘homine
830 1047 980 1126 amicum',
1009 1046 1140 1110 ‘oratore

124 1137 290 1216 optimum’.
333 1161 386 1201 nos
410 1142 482 1217 quid
505 1144 589 1217 sequi
613 1138 775 1199 debemus?
813 1139 908 1216 quid?
943 1160 997 1216 per
1018 1159 1139 1216 suspen-

123 1231 236 1289 sionem
259 1233 377 1289 iunium
401 1230 497 1289 modo.
544 1249 603 1305 quc
625 1227 764 1288 ratione?
810 1231 929 1305 quiesi
953 1229 1064 1288 dixeiis
1087 1249 1142 1304 per

123 1321 345 1394 suspensionem
377 1314 544 1378 ‘hominem
574 1314 726 1393 emicum’‚
760 1321 791 1376 ei
817 1318 873 1378 hoc
896 1320 1005 1377 vicium
1027 1319 1139 1378 vitabis

84 1425 109 1465 1⁵
123 1410 352 1483 myoiucismum
382 1411 412 1467 ei
441 1427 500 1466 non
535 1407 621 1466 cades
655 1410 687 1466 in
721 1407 804 1465 eliud
833 1409 942 1466 vitium
972 1407 1004 1464 id
1035 1411 1081 1466 esi
1107 1409 1139 1464 in

123 1497 247 1555 histum.

195 1613 290 1681 Pomp.
310 1620 447 1667 compserit.
464 1631 492 1682 p.
512 1616 578 1679 287,
598 1617 615 1666 7
632 1627 789 1676 myomusmus
803 1645 829 1651 —
843 1627 868 1665 in
884 1626 978 1665 mitum.
1006 1613 1050 1666 hie
1068 1613 1140 1666 cide·

123 1690 241 1824 ppzrelppse
255 1687 352 1739 Aelius
367 1685 497 1739 Melissus
510 1691 543 1738 at
560 1686 609 1752 qai
621 1685 759 1751 scripserit
779 1685 812 1738 de
831 1683 959 1751 loquendi
972 1685 1144 1752 proprietate

195 1862 312 1932 Sexci]
341 1877 374 1915 ox
402 1861 540 1916 soluiione
568 1862 661 1916 Paris.
685 1862 768 1932 Scap.
794 1865 866 1915 1179
893 1867 919 1915 ei
946 1864 1020 1914 1180
1048 1861 1140 1915 Berol.

126 1937 159 1985 10
178 1932 228 1985 int.
245 1931 280 1986 el.
296 1950 323 2001 p.
343 1934 401 1986 seei.
418 1933 484 1987 Keil
557 1938 589 1985 16
609 1933 703 1985 hictus
722 1933 805 1987 iidem
823 1933 899 1986 codd.
918 1938 943 1986 et
956 1932 1050 1985 Paris.
1070 1935 1142 1985 7530

196 2058 229 2110 de
257 2057 285 2111 0.
311 2059 424 2111 Melisse
453 2059 484 2111 im
511 2060 589 2126 pices.
620 2058 695 2127 Verp.
725 2059 759 2125 (p.
778 2061 806 2122 2,
825 2060 880 2110 402
907 2073 941 2110 ex
971 2057 1028 2111 eod.
1055 2057 1141 2110 Vatia

124 2144 191 2182 saec.
209 2128 281 2197 XV)
300 2129 373 2194 falso
386 2130 519 2182 intellecto
538 2130 572 2195 cf.
590 2130 748 2194 Mommsen,
763 2129 856 2182 Herm.
872 2132 891 2180 8
906 2130 1000 2196 (1874)
1015 2145 1046 2195 p.
1063 2132 1100 2182 67
1105 2145 1142 2195 sq.

121 2201 229 2266 pariter
247 2199 279 2252 de
302 2201 359 2253 aiio
378 2201 434 2254 loco
455 2201 568 2254 Meiisso
591 2201 692 2254 tributo
716 2201 750 2266 ef.
769 2200 847 2265 iufra
867 2198 1016 2252 Maecenas
1038 2204 1096 2252 test.
1116 2203 1142 2253 2.

360 2509 655 2596 CORNELIUS
686 2509 894 2596 BALBUS

197 2715 339 2768 Ocrmeiias
366 2716 474 2768 Balbus
499 2713 667 2782 ἐξηγητικῶν
693 2716 809 2781 scriptor
834 2715 858 2766 is
883 2730 937 2767 esse
962 2714 1072 2768 ridetur
1097 2714 1144 2782 qai

127 2785 237 2839 ‘mircor'
254 2786 410 2852 appeliaiwr
424 2786 468 2854 (cf.
486 2785 538 2840 Cic.
555 2785 593 2838 ad
607 2786 664 2838 Au.
680 2789 707 2851 8,
723 2791 749 2851 9,
763 2791 787 2839 4.
809 2789 851 2849 11,
867 2789 891 2838 5.
912 2789 974 2851 150,
989 2789 1014 2839 3.
1036 2789 1062 2850 9,
1078 2790 1103 2851 6,
1119 2790 1141 2839 1.

125 2857 276 2922 11,12,1).
316 2856 361 2909 ‘L
383 2856 524 2911 Oormeiius
542 2857 575 2909 P.
590 2857 611 2922 1.
627 2856 745 2910 Baibas'
769 2854 897 2922 (011312
911 2874 940 2924 p.
957 2857 1002 2924 50)
1025 2856 1142 2911 Gadita-

123 2943 177 2981 mas
200 2926 308 2995 (Strabo
328 2931 433 2993 3‚169.
473 2927 537 2981 Veii.
562 2928 624 2980 Pai.
644 2930 671 2992 2,
691 2931 735 2993 51,
754 2929 781 2996 3)
814 2928 901 2980 Balbi
926 2927 1144 2992 familiarissimi

127 2998 240 3053 Caesari
257 3014 339 3064 nepes
358 2998 441 3068 (Suet.
455 2998 511 3051 Iai.
523 3002 558 3051 81
564 3019 574 3063 ;
593 3016 619 3051 0.
629 2997 746 3068 706148)
767 3016 792 3052 a.
804 2996 912 3067 710144
931 3005 1059 3065 quaestor
1078 2999 1142 3066 (Gir.

124 3069 242 3134 00100.
259 3074 302 3135 10,
317 3072 362 3135 32,
377 3071 411 3138 1),
430 3086 455 3122 0.
473 3069 583 3139 722132
597 3070 691 3122 comsai
704 3075 737 3122 at
748 3070 856 3123 eideim
869 3069 999 3135 suffectus
1018 3068 1075 3138 (01
1078 3069 1131 3123 LI
1134 3068 1146 3098 ²

120 3157 151 3207 p.
172 3144 214 3193 66.
235 3144 287 3206 68,·
314 3141 348 3206 cf.
376 3142 488 3207 Prosop.
515 3141 579 3207 imp.
607 3140 684 3194 Rom.
709 3145 735 3205 1,
758 3140 929 3211 44011073.
959 3140 1146 3210 43911057),

124 3228 150 3264 0.
160 3213 261 3283 735119
268 3213 417 3278 processui
427 3212 542 3277 Africae
552 3211 585 3265 de
597 3211 815 3265 Garamantidas
824 3211 1006 3279 triumphauit
1018 3210 1052 3281 (0
1055 3212 1105 3265 IL
1111 3213 1131 3264 Ι
1134 3210 1144 3240 ²

65 3405 67 3409 ,
121 3283 791 3423 1,·12013110111931110111
807 3283 1145 3424 scissis-ssu

113 3430 173 3480 tam
187 3433 234 3495 est,
256 3426 417 3496 aedificavit
436 3425 523 3498 (Piiu.
537 3426 601 3480 mh.
617 3429 714 3491 36,dd.
743 3424 814 3478 Suet.
830 3427 901 3494 Aap.
916 3429 962 3479 29.
996 3426 1059 3479 Tac.
1078 3442 1144 3479 000.

101 3501 188 3565 372.
211 3501 290 3558 Cass.
312 3503 375 3560 Dic
397 3507 444 3571 54,
453 3504 502 3570 25,
513 3501 550 3572 2).
585 3497 696 3568 scripsit
712 3501 918 3566 praesenciam
935 3496 967 3546 ie
983 3512 1032 3548 suo
1047 3497 1145 3550 diacre

90 3571 136 3625 ad
152 3575 323 3634 Lecturam
340 3594 456 3652 procos.
478 3573 700 3633 sollicitandam
717 3567 789 3638 icio.
805 3565 845 3619 ad
862 3565 930 3627 fem.
942 3567 990 3624 io,
1002 3567 1053 3625 32,
1064 3567 1104 3627 3)·
