2422 3840
145 175 211 242 302
296 175 503 230 Grammaticac
522 176 624 229 aetatis
643 175 833 229 varronianae
852 173 1012 245 fragmenta

145 364 203 421 que
221 347 330 402 mirum
348 348 385 402 ut
405 345 437 402 in
454 344 531 402 hanc
549 345 712 403 multorum
735 362 837 403 sensus
856 363 916 401 non
935 343 1166 418 animadvertat,

146 429 477 511 01111κ111>111οη1100
500 434 532 490 in
556 432 672 492 cithara
695 435 748 491 aut
771 433 847 490 tibia
868 433 1024 507 aliquanto
1043 432 1166 491 uberior

106 543 132 582 so
146 525 204 598 est,
234 541 322 598 saepe
345 523 445 581 totum
472 541 532 581 non
559 522 670 581 sentiat
696 525 836 579 meatum.
882 525 1037 597 praeterea
1065 523 1166 580 minus

145 612 269 686 reliquis
292 613 408 686 notam,
435 613 565 687 primum
589 611 669 686 quod
692 629 727 668 ea
751 612 791 669 sit
817 610 999 685 principium
1028 610 1166 686 aliarum,

146 703 181 759 ut
209 697 282 776 μέση
311 700 343 758 in
365 702 480 760 musica
506 700 626 759 initium
655 701 814 774 cantionis,
846 702 876 758 et
903 701 1036 758 omnium
1063 719 1166 758 rerum

146 789 234 847 initia
262 807 377 864 semper
405 789 530 848 obscura
557 789 633 864 sint3
661 789 730 847 dein
753 788 833 862 quod
861 807 946 847 omne
973 788 1104 846 medium
1132 791 1166 846 in

148 880 283 954 angustis
313 897 373 937 non
402 877 552 954 videatur,
584 880 619 936 ut
649 881 794 953 punctum
823 879 855 935 in
886 877 1022 953 quamvis
1054 895 1166 954 magno

107 987 132 1028 as
147 967 226 1041 orbe,
249 967 327 1042 quod
352 971 461 1026 vocant
483 964 612 1044 κέντρον.
658 966 775 1024 nullum
799 985 861 1025 esse
885 984 1004 1041 eorpus,
1029 965 1082 1024 ubi
1105 984 1166 1025 non

148 1057 188 1115 sit
210 1056 351 1130 medium,
379 1060 409 1114 et
432 1075 550 1115 omnem
572 1073 675 1114 vocem
698 1073 803 1130 corpus
828 1073 903 1129 esse;
932 1074 1049 1113 omnem
1071 1057 1168 1132 igitur

147 1164 250 1204 vocem
269 1146 399 1204 medium
416 1144 532 1203 habere.
571 1144 648 1219 quod
673 1146 753 1202 enirn
775 1144 835 1202 fuit
858 1144 1003 1218 deorsum,
1026 1147 1109 1219 prius
1132 1146 1167 1201 in

147 1233 278 1292 medium
306 1234 469 1309 succedere,
497 1253 587 1309 quam
611 1234 708 1291 evolet
732 1251 857 1306 sursum,
888 1236 917 1291 et
941 1233 1019 1308 quod
1049 1251 1167 1292 sursum

148 1326 200 1398 est,
232 1326 302 1381 ante
333 1322 435 1382 eodem
465 1324 566 1381 venire
590 1340 681 1398 quam
710 1322 859 1398 deorsum,
891 1340 982 1397 quare
1010 1324 1167 1398 utriusque

107 1433 135 1472 40
149 1412 313 1488 compitum
335 1413 466 1470 medium
485 1430 554 1471 esse.
592 1414 623 1469 et
645 1411 741 1468 multa
759 1413 914 1486 praeterea
934 1410 1026 1468 latius
1050 1412 1081 1468 in
1100 1430 1167 1469 eam

148 1519 210 1558 rem
230 1500 384 1577 disputata
402 1501 523 1576 profert,
548 1519 624 1575 quae
643 1519 720 1558 nunc
739 1500 824 1558 nobis
843 1500 966 1577 longum
985 1502 1031 1558 est
1048 1502 1166 1559 iterare.

149 1592 224 1649 00110
244 1590 323 1648 enirn
342 1591 460 1664 oportet
482 1591 608 1648 rationis
626 1589 715 1648 huius
733 1606 834 1648 recens
856 1608 916 1647 non
938 1606 1000 1646 esse
1019 1607 1167 1647 commen-

150 1681 224 1753 tum,
248 1679 299 1738 sed
323 1679 456 1736 omnium
479 1680 533 1755 qui
556 1681 625 1736 ante
643 1679 809 1736 Varronem
833 1680 863 1736 01
886 1677 1108 1753 Tyrannionem
1130 1678 1167 1735 de

149 1766 289 1843 prosodia
312 1767 426 1842 aliquid
450 1768 636 1842 reliquerunt
659 1767 803 1843 plurimos
827 1770 858 1826 et
880 1767 1060 1825 clarissimos
1079 1785 1167 1842 quos·

109 1876 135 1917 10
151 1875 207 1932 que
240 1856 355 1914 mediae
387 1856 475 1914 huius
507 1856 610 1915 fecisse
642 1857 837 1930 mentionem,
870 1873 943 1930 quos
975 1873 1076 1914 omnes
1110 1855 1168 1914 sibi

149 1945 241 2004 fuisse
265 1948 401 2004 auctores
424 1946 521 2004 Varro
545 1948 764 2019 commemorat,
788 1945 998 2021 grammaticos
1023 1943 1168 2003 Glaucum

151 2033 285 2092 Samium
308 2037 339 2092 et
361 2034 575 2093 Hermocraten
598 2033 720 2106 Iasium,
742 2035 815 2091 item
838 2033 1048 2109 philosophum
1072 2033 1167 2091 Theo-

150 2123 307 2198 phrastum
334 2123 576 2199 peripateticum,
606 2126 654 2180 0111
682 2123 785 2182 divina
811 2123 954 2181 facundia
980 2141 1088 2180 nome-n
1117 2123 1167 2180 ad-

151 2212 248 2287 scivit,
262 2231 316 2271 nec
330 2231 389 2270 non
405 2212 536 2270 eiusdem
551 2215 648 2271 sectae
657 2211 883 2271 Athenodorum
898 2213 1006 2270 summi
1021 2211 1167 2269 acuminis

111 2320 137 2360 so
151 2302 259 2374 virum,
289 2300 340 2376 qui
365 2301 515 2376 quandam
537 2301 709 2377 prosodiam
733 2299 897 2378 μονότονον
920 2300 1063 2375 appellat,
1092 2319 1167 2375 quae

150 2390 270 2448 videtur
290 2409 350 2448 non
374 2389 434 2448 alia
457 2408 519 2448 esse
542 2409 633 2466 quam
655 2390 762 2464 media,
785 2390 857 2447 11001
880 2389 995 2447 diverso
1013 2388 1166 2448 vocabulo.

151 2497 205 2536 nec
224 2478 330 2538 desunt
349 2480 401 2554 qui
424 2478 577 2554 prosodias
601 2480 700 2554 plures
725 2497 895 2553 essequam
916 2481 1058 2552 quattuor
1080 2481 1167 2554 puta-

151 2568 258 2642 verint,
281 2571 315 2625 nt
335 2566 465 2626 Glaucus
485 2567 611 2642 Samius,
636 2587 654 2626 0
672 2587 730 2644 quo
750 2586 800 2626 001
818 2566 975 2642 prosodiae
995 2569 1167 2642 propositae

152 2659 222 2715 sunt
236 2656 289 2715 sub
304 2656 384 2715 hisce
397 2657 576 2732 nominibus,
596 2653 735 2734 ἀνειμένη
759 2653 831 2733 μέση
856 2653 1043 2732 ἐπιτεταμένη
1067 2659 1167 2714 κεκλα-

112 2764 137 2805 10
153 2742 245 2821 σμένη
269 2742 543 2822 ἀντανακλαζομένη
564 2767 579 2800 s
600 2764 629 2803 a.
667 2746 718 2804 sed
740 2744 789 2803 1110
811 2763 928 2819 quoque
951 2763 1009 2802 non
1029 2743 1168 2803 dissentit

153 2854 171 2892 0
189 2833 287 2909 nobis,
311 2853 381 2892 nam
404 2834 497 2894 cuivis
517 2855 552 2893 01
574 2835 647 2910 ipsis
670 2834 839 2892 nominibus
862 2834 1017 2892 intellectu
1036 2834 1168 2909 proclive

154 2925 199 2982 est
221 2925 281 2981 1100
304 2923 416 2998 primas
440 2941 502 2982 0000
526 2922 675 2999 simplices
699 2926 729 2982 et
751 2941 810 2980 non
835 2923 909 2980 alias
931 2941 1022 2997 quam
1046 2922 1168 3001 βαρεῖαν

154 3009 247 3089 μέσην
284 3007 391 3087 ὀξεῖαν,
427 3016 592 3089 postremas
629 3015 729 3070 autern
761 3015 822 3070 tres
855 3011 987 3086 duplices
1019 3014 1049 3068 et
1082 3013 1169 3087 quasi

154 3102 264 3175 species
295 3103 383 3160 unius
412 3101 519 3176 flexae,
552 3120 626 3176 quae
657 3104 702 3160 est
731 3120 838 3177 genere
868 3119 936 3158 una.
982 3099 1059 3157 hanc
1090 3101 1168 3157 enim

113 3209 140 3248 ao
153 3189 233 3249 flecti
260 3209 320 3247 non
343 3209 402 3248 uno
430 3190 517 3249 modo
541 3209 641 3248 omnes
669 3192 864 3265 putaverunt3
892 3188 1104 3248 Eratosthenes
1134 3208 1168 3246 01

153 3282 239 3354 parte
253 3280 351 3353 priore
369 3281 457 3337 acuta
475 3279 509 3356 in¹
525 3298 648 3356 gravem
661 3281 863 3354 posteriorem,
883 3277 1053 3336 Theodorus
1068 3281 1168 3336 autem

154 3367 316 3443 aliquando
335 3368 425 3426 etiarn
445 3387 479 3425 01
498 3370 584 3444 gravi
606 3368 638 3426 in
657 3369 820 3426 acutiorem
839 3367 1011 3426 escendere·
1038 3369 1168 3425 ceterum

157 3455 249 3515 Varro
272 3456 303 3513 in
326 3451 528 3534 utra<m>que
551 3451 709 3534 parte<m>
732 3458 846 3514 moveri
874 3455 1046 3529 arbitratur,
1074 3475 1169 3532 neque

136 3543 197 3602 hoc
212 3546 307 3604 facile
326 3546 393 3605 11011
412 3548 477 3608 sine
497 3546 607 3625 media,
631 3565 758 3622 eamque
775 3548 896 3604 acutam
913 3545 1089 3617 plerumque
1106 3563 1168 3602 esse
