2422 3840
155 160 220 225 282
295 151 632 215 'Grammaticae'aetatis
650 160 840 215 Varronianae
859 160 1018 230 fragmenta

153 332 312 388 autumant
341 361 386 370 -
415 329 532 396 nullum
562 347 625 388 esse
655 328 779 388 verbum
809 330 893 388 cuius
922 348 983 387 non
1013 330 1094 387 certe
1108 372 1109 376 ,
1122 347 1171 388 ex·

151 419 258 494 plicari
281 421 365 496 origo
388 419 497 494 possit,
521 422 551 477 et
574 418 724 494 quiahoc
747 417 834 477 modo
859 437 908 476 eos
927 434 1057 495 'urguere
1081 418 1170 476 facile

150 509 218 581 fuit,
246 509 272 566 si
295 507 406 566 diceres
433 508 490 566 hoc
511 506 664 566 infinitum
686 525 757 580 esse,
788 505 896 582 quibus
920 505 1018 581 vepbis
1042 507 1169 566 alicuius

150 596 236 655 verbi
267 598 415 674 originem
445 597 666 672 interpretaris,
703 615 806 654 eorum
836 614 940 654 rursus
973 614 991 653 a
1022 599 1053 654 te
1085 598 1170 674 origo
1203 583 1207 604 ¹

98 706 137 746 rao
151 681 338 762 (quaeritur,
374 685 422 743 illi
453 685 561 744 docent
596 685 652 743 hoc
687 684 804 742 tamdiu
836 679 1061 762 quaeren>dum
1099 703 1170 759 esse,

151 775 245 833 donec
279 774 472 850 perveniatur
508 793 542 832 eo
577 777 612 832 ut
647 793 695 833 res
732 793 800 833 cum¹
835 792 907 832 sono
944 773 1028 832 verbi
1065 774 1170 848 aliqua

151 863 346 922 similitudine
384 863 533 937 concinat,
569 866 606 921 ut
638 881 704 921 oum
741 863 869 921 dicimus
903 862 980 921 aeris
1016 862 1171 937 tinnitum,

151 971 295 1027 equorum
321 953 486 1027 hinnitum,
517 954 617 1011 ovium
645 953 793 1025 balatum,
823 951 964 1010 tubarum
991 953 1171 1028 clangorem,

152 1041 309 1100 stridorem
345 1044 528 1100 catenarum.
591 1041 735 1116 perspicis
773 1041 852 1098 enim
888 1041 961 1099 haec
997 1038 1089 1099 verba
1125 1043 1171 1100 ita

98 1149 136 1189 rsa
152 1148 269 1206 sonare,
301 1133 337 1188 ut
362 1133 446 1207 ipsae
473 1147 521 1189 res
549 1149 626 1205 quae
653 1130 699 1189 his
727 1129 825 1188 verbis
853 1129 1067 1206 significantur.
1118 1130 1171 1188 sed

152 1221 224 1294 quia
256 1222 327 1278 sunt
357 1237 404 1278 res
437 1238 513 1294 quae
545 1237 606 1277 non
638 1221 760 1294 sonant,
800 1220 833 1276 in
864 1219 911 1278 his
944 1217 1171 1277 similitudinem

150 1312 250 1366 tactus
280 1308 393 1381 valere,
424 1311 460 1366 ut
487 1310 513 1366 si
540 1309 647 1366 leniter
669 1307 718 1366 vel
748 1325 852 1382 aspere
882 1325 1000 1366 sensum
1030 1311 1169 1384 tangunt,

150 1398 259 1455 lenitas
278 1399 327 1455 vel
350 1398 497 1474 asperitas
520 1397 690 1455 litterarum
712 1400 749 1455 ut
770 1396 872 1473 tangit
895 1397 1042 1470 auditum,
1066 1398 1108 1455 sic
1127 1397 1169 1456 eis

150 1488 273 1545 nomina
286 1488 445 1562 pepererit,
462 1488 499 1543 ut
515 1488 615 1561 ipsum
633 1486 699 1543 lene
718 1503 786 1543 cum
804 1485 930 1544 dicimus
945 1485 1054 1544 leniter
1073 1488 1169 1545 sonat.

97 1594 137 1633 uo
152 1576 217 1649 quis
254 1577 363 1634 iterum
400 1575 591 1651 asperitatem
623 1594 683 1634 non
716 1577 746 1633 et
777 1577 843 1649 ipso
875 1576 995 1633 nomine
1031 1592 1169 1650 asperam

151 1662 286 1722 iudicet?
322 1664 387 1722 lene
410 1667 455 1722 est
478 1662 599 1722 auribus
622 1682 690 1722 cum
708 1664 833 1722 dicimus
857 1666 1007 1738 voluptaS,
1031 1682 1169 1738 asperum

151 1771 218 1810 oum
246 1753 373 1812 dicimus
397 1772 477 1811 crux.
523 1755 637 1812 iteres
660 1754 743 1828 ipsae
772 1752 909 1811 afliciunt
931 1756 967 1811 ut
989 1751 1080 1811 verba
1104 1771 1169 1811 sen·

150 1843 275 1900 tiuntur.
313 1843 380 1916 mel,
404 1860 495 1918 quam
518 1842 651 1901 suaviter
672 1848 792 1918 gustum
811 1860 858 1900 res
876 1844 951 1917 ipsa,
974 1844 1039 1899 tam
1061 1842 1170 1900 leniter

150 1931 270 1989 nomine
287 1931 387 2009 tangit
406 1931 557 2005 auditum,
577 1949 644 1989 acre
664 1931 695 1987 in
713 1934 843 2005 utroque
863 1949 1002 2005 asperum
1021 1935 1079 2005 est,
1098 1932 1169 1989 lana

97 2039 135 2078 145
151 2024 182 2078 et
209 2038 319 2095 vepres·
342 2022 377 2078 ut
406 2019 570 2078 audiuntur
596 2019 688 2079 verba
717 2020 760 2078 sic
786 2019 841 2077 illa
870 2022 1044 2096 tanguntur.
1095 2019 1169 2079 haec

151 2110 238 2184 quasi
257 2107 405 2167 cunabula
418 2109 577 2167 verborum
591 2127 653 2167 esse
668 2109 865 2181 crediderunt,
883 2110 936 2167 ubi
952 2107 1054 2168 sensus
1068 2128 1169 2167 rerum

150 2193 217 2256 oum
241 2216 380 2257 sonomm
408 2217 495 2258 sensu
524 2197 724 2257 concordaret.
743 2197 747 2246 ἶ
770 2197 840 2255 hinc
863 2198 902 2255 ad
932 2198 1066 2274 ipsarum
1089 2201 1169 2256 inter

150 2305 180 2345 se
207 2307 307 2345 rerum
337 2287 565 2346 similitudinem
595 2288 772 2362 processisse
801 2286 956 2345 licentiam
984 2287 1168 2361 nominandi,

149 2379 184 2434 ut
207 2395 274 2434 cum
296 2375 380 2434 verbi
403 2394 493 2434 causa
516 2395 587 2434 crux
609 2379 768 2451 propterea
792 2375 873 2434 dicta
896 2375 943 2449 sit,
969 2376 1050 2451 quod
1072 2377 1168 2452 ipsius

96 2482 135 2523 rao
149 2465 234 2524 verbi
261 2467 406 2539 asperitas
435 2483 501 2522 cum
528 2465 640 2524 doloris
668 2484 756 2540 quem
784 2483 855 2522 crux
882 2463 975 2522 efficit
1005 2466 1167 2539 asperitate

149 2552 315 2627 concordet,
345 2572 432 2612 crura
458 2557 561 2612 tamen
588 2571 647 2612 non
675 2556 799 2629 propter
826 2552 1019 2628 asperitatem
1046 2553 1168 2627 doloris,

148 2642 201 2701 sed
224 2641 303 2717 quod
330 2643 519 2720 longitudine
547 2646 637 2718 atque
665 2643 774 2701 duritie
800 2643 881 2700 inter
907 2643 1041 2701 membra
1068 2645 1168 2701 cetera

148 2730 210 2789 sint
235 2731 318 2808 ligno
343 2732 498 2805 similiora,
520 2734 570 2790 >sic
593 2731 747 2806 appellata
771 2735 849 2790 sunt.
894 2731 963 2788 inde
987 2731 1025 2788 ad
1049 2731 1167 2791 abusio-

147 2838 216 2878 nem
247 2823 384 2894 ventum,
416 2824 452 2879 ut
482 2825 643 2895 usurpetur
674 2839 781 2878 nomen
813 2839 872 2878 non
902 2819 945 2878 rei
978 2820 1085 2879 similis
1115 2821 1167 2878 sed

95 2909 234 2984 aequasi
262 2909 386 2968 vicinae.
432 2909 505 2984 quid
532 2912 611 2967 enim
634 2909 731 2967 simile
758 2909 850 2968 habet
872 2909 1052 2986 significatio
1080 2911 1168 2984 parvi

148 3000 178 3055 et
200 2998 318 3072 minuti,
341 3017 410 3056 oum
432 3001 529 3074 possit
546 3017 673 3073 parvum
697 3016 768 3072 esse,
799 2998 877 3073 quod
895 3017 956 3057 non
978 2999 1066 3057 modo
1090 2999 1167 3056 nihil

147 3087 296 3144 minutum
320 3087 359 3144 sit
386 3086 438 3145 sed
466 3087 582 3163 aliquid
606 3089 696 3145 etiam
721 3085 870 3145 creverit?
915 3087 1040 3146 dicimus
1064 3091 1166 3146 tamen

146 3178 269 3250 propter
283 3175 433 3252 quandam
447 3176 634 3234 vicinitatem
652 3176 801 3234 minutum
814 3195 868 3250 pro
883 3194 985 3251 parvo.
1023 3175 1074 3234 sed
1093 3178 1166 3235 haec

148 3263 252 3323 abusio
282 3265 420 3323 vocabuli
449 3266 481 3322 in
513 3268 671 3340 potestate.
691 3264 841 3340 loquentis
871 3269 931 3339 est3
966 3265 1056 3323 habet
1086 3268 1165 3324 enim

94 3373 133 3412 reo
147 3371 276 3427 parvum
298 3357 334 3410 ut
356 3356 506 3413 minutum
528 3373 588 3414 non
612 3353 701 3412 dieat.
747 3353 946 3431 illud'megis
974 3355 1104 3429 pertinet
1128 3353 1166 3413 ad

146 3442 178 3500 id
202 3441 282 3517 quod
304 3461 382 3500 nunc
405 3443 543 3501 volumus
566 3443 733 3519 ostendere,
761 3443 930 3518 quodcum
953 3445 1069 3518 piscina
1093 3444 1165 3502 dioi-

115 3531 186 3584 tur
203 3532 239 3587 in
269 3530 398 3609 balneis,
431 3534 464 3592 in
490 3552 551 3612 qua
578 3534 710 3612 piscium
736 3532 814 3590 nihil
839 3534 881 3591 sit
904 3532 1040 3606 nihilque
1067 3533 1164 3591 simile
