2422 3840
454 197 492 253 Μ.
511 197 658 252 Terentius
676 198 765 252 Varro
1052 197 1118 262 223

170 359 245 414 Non.
265 376 290 427 p.
306 364 369 425 426,
383 363 421 413 26
439 359 548 423 animus
568 361 597 412 et
615 357 710 412 anima
727 359 781 413 hoo
801 359 921 412 distant:
944 359 1054 413 animus
1073 362 1117 413 est

97 447 154 498 qno
174 429 307 499 sapimus,
328 429 422 484 anima
436 447 493 499 qua
506 430 635 483 vivimus.
655 429 757 484 Ateius
771 429 899 500 Epigono
914 429 1117 500 [fr.15].Varro

96 500 271 556 Andabaffis:
290 515 314 555 in
327 517 415 564 reliquo
429 533 456 540 -
469 517 571 556 tributus.

527 691 567 745 91
592 683 686 768 [420]

166 812 418 888 appellatura
442 812 629 872 eaelatura
657 813 808 885 eaelum,
836 831 963 890 graeoe
992 812 1034 872 ab
1062 832 1116 872 or·

95 903 184 960 natu
207 899 353 978 κόσμος,
376 901 492 959 latine
516 921 535 960 a
557 903 699 978 puritia
721 901 878 960 mundus

167 1010 249 1064 Prot.
266 1008 343 1079 Vero.
368 1010 424 1063 bno.
445 1014 472 1076 6,
491 1012 525 1063 31
549 1009 659 1063 eaelum
680 1041 711 1048 -·
732 1024 816 1077 quem
839 1009 960 1063 eundem
979 1008 1116 1062 mundum

95 1082 126 1135 et
155 1077 260 1148 κόσμον
290 1079 397 1133 dietum
427 1080 529 1149 probat
552 1079 640 1134 Varro
664 1080 694 1133 in
713 1078 838 1149 Cynicis,
863 1095 948 1148 quam
971 1080 1115 1150 inscripsit

94 1149 210 1204 Delium
229 1153 280 1205 aut
299 1150 384 1218 Seria,
403 1151 455 1205 sio:
475 1151 597 1205 Mundus
612 1183 646 1192 —
661 1152 798 1221 acceptat.
818 1150 944 1205 Postumi
964 1152 1008 1205 eui
1023 1150 1115 1221 sepla-

95 1221 139 1276 sia
157 1222 228 1276 fetet
252 1222 395 1294 [Postume
416 1239 465 1276 our
483 1224 599 1290 Boron,
622 1226 688 1292 post
705 1222 801 1275 vinum
819 1223 925 1293 Riese]:
945 1238 1071 1285 apponatur
1088 1255 1115 1263 -

93 1308 198 1348 mundus.
224 1295 258 1360 os.
275 1294 364 1348 Varro
382 1294 415 1348 de
433 1295 450 1348 l.
471 1294 505 1348 L.
526 1299 552 1360 6,
567 1299 592 1348 3.
612 1295 672 1349 Aer.
692 1294 761 1349 Stilo
780 1295 815 1360 fr.
831 1299 855 1348 7.
876 1295 950 1348 Pnn.
965 1312 992 1348 n.
1007 1296 1032 1349 h.
1047 1298 1075 1361 2,
1089 1299 1114 1348 3.

535 1483 577 1540 92
601 1474 672 1559 [33]

162 1603 270 1679 idque
294 1605 449 1663 alterum
477 1605 703 1681 appellamus
727 1622 745 1662 a
769 1605 918 1664 calendo
947 1605 1115 1679 calorem,

94 1693 251 1752 alterum
270 1713 289 1752 a
311 1695 454 1753 fervore
478 1693 614 1753 febrim.

166 1801 241 1854 Non.
265 1817 292 1868 p,
317 1805 361 1867 46,
386 1806 421 1855 19
448 1800 535 1855 febris
562 1799 766 1870 proprietatem
795 1815 812 1852 a
835 1800 965 1854 fervitate
991 1799 1115 1870 [feritate

92 1871 225 1927 nonnulli
238 1871 314 1926 codd.
330 1870 492 1926 ferviditate
506 1873 606 1937 Haoet,
626 1871 739 1937 Aretes.
750 1873 815 1925 Lot,
826 1873 894 1926 Len.
905 1871 1006 1942 1,318]
1024 1871 1116 1927 morbi

92 1942 138 1997 vel
156 1941 239 2008 mali,
262 1945 296 1996 ut
314 1959 331 1996 a
350 1942 467 1997 calendo
486 1942 608 1996 calorem
627 1942 672 1996 vel
691 1941 832 1996 ealdorem
849 1942 938 1996 Varro
957 1942 1115 1998 Andabatis

93 2013 277 2139 {patrienrssam
290 2016 385 2083 putat:
399 2028 468 2077 nque
481 2047 508 2054 -
521 2029 610 2068 sebum.
628 2014 697 2068 Isin.
708 2032 747 2068 or.
762 2019 788 2080 4,
803 2019 829 2079 6,
843 2019 863 2069 2
876 2012 963 2068 febris
978 2033 995 2067 a
1008 2013 1115 2068 fervore

125 2102 140 2139 o
155 2102 173 2139 a
191 2101 221 2138 es
236 2127 241 2138 .

168 2199 181 2245 1
202 2191 323 2260 ideoque
342 2193 415 2247 Roth

525 2344 566 2401 93
590 2336 684 2421 [323]

165 2467 387 2544 grallatores
407 2467 467 2542 qui
486 2466 716 2544 gradiuntur,
734 2468 896 2542 perticae
911 2471 995 2526 sunt
1013 2469 1114 2545 ligna

166 2575 241 2628 Non.
260 2591 287 2642 p.
307 2579 422 2640 115,19
447 2572 669 2644 grallatores-
687 2573 777 2627 Varro
803 2574 932 2627 Mutuum
957 2573 1028 2628 muli
1053 2590 1113 2628 sea

92 2644 165 2698 bunt
179 2660 280 2714 graece
297 2645 362 2713 περὶ
381 2653 533 2715 χωρισμοῦι
555 2646 598 2698 ‘ut
616 2661 748 2708 granonem
761 2677 788 2684 -
801 2660 864 2709 ligna
883 2646 965 2714 ptest
983 2644 1112 2715 ἀκίνητα,

93 2715 142 2770 sed
162 2716 198 2769 ab
219 2715 515 2788 [lignaefynarsinolet
531 2715 618 2786 codd]
640 2714 753 2771 homine
773 2732 805 2770 eo
824 2716 874 2784 qui
892 2716 922 2769 in
940 2716 965 2769 is
981 2719 1037 2770 stat
1052 2717 1111 2786 agi-

92 2789 198 2853 tantur,
218 2787 259 2840 sio
277 2787 321 2840 illi
340 2787 428 2841 animi
445 2788 535 2842 nostri
549 2789 615 2840 sunt
633 2786 749 2857 grallaa
769 2804 849 2841 crura
864 2804 896 2841 ae
914 2787 1001 2857 pedes
1015 2789 1114 2856 nostri,

93 2858 178 2926 φύσει
201 2856 338 2927 ἀκίνητοι,
357 2858 407 2912 sed
426 2857 462 2911 ab
481 2859 575 2912 animo
594 2859 761 2912 moventur'.
791 2859 879 2914 Varro
898 2860 931 2913 de
948 2861 966 2914 l.
981 2860 1016 2913 L.
1037 2864 1062 2927 7,
1077 2865 1113 2915 69

93 2928 219 2999 gralator
238 2947 255 2982 a
273 2929 364 3000 gradu
381 2946 485 3000 magno
505 2930 605 2983 dietus.
643 2931 678 2996 ol.
698 2931 780 2985 Pont.
800 2931 1030 2998 Fest.p.97,12.

524 3118 566 3174 94
590 3110 684 3195 [100]

161 3239 269 3298 habes
305 3239 364 3314 qui
396 3242 431 3298 et
463 3242 566 3299 euius
597 3241 651 3299 rei
684 3258 791 3298 eausa
827 3241 974 3299 fecerim
1009 3240 1112 3298 heen-

93 3328 254 3388 tomben:
293 3330 330 3386 in
363 3347 432 3405 quo
461 3347 525 3407 ego
552 3332 592 3388 ut
613 3331 713 3405 puto,
745 3331 912 3404 quoniam
935 3334 988 3388 est
1014 3329 1113 3387 luere

93 3418 248 3491 solvere,
276 3418 402 3477 lutari.

76 3615 123 3653 aa
160 3500 274 3654 170οὲ0,
284 3537 347 3600 101,
357 3539 396 3590 10
406 3534 498 3590 auton·
514 3536 636 3608 prolui.
656 3538 756 3594 Vane
772 3536 928 3610 0000000]
939 3533 1014 3598 „sp
1027 3531 1169 3582 asaias,

93 3625 108 3652 ⁸
124 3625 149 3653 θ’
161 3631 188 3638 -
210 3626 224 3653 u
249 3617 277 3655 π’,
