2422 3840
112 173 177 238 344
258 171 464 227 Grammatieae
484 173 586 226 aetatis
604 170 796 225 varronianae
815 171 975 240 fragmenta

112 344 206 402 aerios
234 359 336 401 mrsus
365 342 433 401 deos
462 344 492 401 et
518 342 623 401 heroas
652 340 829 416 pronuntiat
859 341 1018 417 appellari,
1049 361 1129 400 nuno

112 434 303 507 antiquorum
331 431 493 490 sententias
523 449 649 506 sequens
676 429 790 489 Laruas
827 448 889 488 esse
927 430 1000 490 dicit
1026 431 1128 506 Lares,

85 522 198 597 squasi
222 521 366 596 quosdam
390 521 492 598 genios
516 523 546 579 et
568 521 739 579 functorum
762 520 884 578 animas.

182 622 286 674 Arnob.
302 625 328 687 3,
342 624 377 674 41
395 634 468 674 Varro
487 618 616 672 similiber
637 633 798 673 haesitans-
813 632 898 672 animae
921 619 1127 691 [morinorumb

111 692 145 757 of,
170 692 229 746 nez.
253 692 314 747 Stil.
342 694 379 759 fr.
400 696 423 745 1.
468 691 521 762 Cio.
546 692 578 745 de
602 692 649 762 lep.
669 695 696 756 2,
710 695 755 744 22.
800 690 875 744 Prot.
899 698 1001 760 quaest.
1026 692 1061 746 R.
1082 697 1126 746 52.

22 812 26 819 .
110 762 183 888 {argi
193 765 272 888 {im
288 768 314 828 3,
325 767 368 816 63.
402 763 480 832 (Isioi.
500 779 538 816 or.
554 766 718 828 8‚11,100).
752 763 826 815 Non.
841 780 871 830 p.
888 766 931 827 66,
942 767 968 816 8.
1000 763 1126 818 Moerob.

127 877 136 901 1
168 876 176 901 7
230 876 236 888 ⁸

183 946 196 992 1
217 958 314 995 manas
397 940 568 994 thaerohas
650 945 665 992 5
686 939 883 994 effunetorum:
902 957 950 995 em.
966 941 1127 996 Steweobius

582 1094 652 1149 373

125 1215 127 1218 ’
176 1217 352 1277 Novensiles
392 1249 431 1256 —
470 1218 664 1276 novenarium
701 1236 856 1274 numerum
893 1216 987 1275 tradit
1020 1217 1126 1292 Varro,

110 1307 190 1382 quod
209 1307 242 1365 in
264 1306 417 1365 movendis
439 1306 527 1365 rebus
549 1306 774 1381 potentissimus
798 1324 913 1380 semper
931 1306 1077 1365 habeatur
1096 1310 1126 1364 et

110 1414 264 1454 maximus.

181 1495 283 1548 Arnob.
300 1499 325 1560 3,
340 1499 377 1549 38
395 1508 527 1548 Novensiles
542 1526 570 1532 -
587 1508 704 1547 maximus.
737 1493 770 1559 cs.
796 1494 883 1548 Varro
906 1494 938 1547 de
957 1495 973 1548 l.
990 1494 1023 1547 L.
1040 1498 1066 1561 5,
1082 1500 1124 1548 74.

109 1566 175 1621 Piso
189 1567 224 1631 fr.
240 1570 264 1620 4.
294 1567 390 1619 Aelius
409 1565 477 1620 Stilo
491 1567 526 1631 fr.
542 1569 587 1619 22.
618 1565 729 1620 Oiooius
742 1566 778 1631 fr.
793 1570 838 1619 22.
869 1565 1032 1632 Cornifieius
1045 1568 1081 1634 fr.
1097 1572 1124 1620 8.

109 1698 112 1706 ·
180 1677 195 1724 2
214 1672 245 1725 in
262 1672 399 1725 novandis
420 1673 537 1727 Ursinus

580 1825 651 1881 374

175 1948 272 2008 Varro
292 1949 344 2024 qui
367 1951 437 2007 sunt
459 1951 604 2007 introrsus
624 1951 713 2024 atque
736 1947 768 2005 in
787 1947 903 2006 intimis
921 1948 1124 2023 penetralibus

109 2039 185 2097 oaeli
221 2037 290 2096 deos
328 2056 389 2097 esse
427 2040 527 2096 censet
563 2056 636 2113 quos
673 2038 825 2112 loquimur
862 2030 1028 2116 [Penates],
1069 2056 1123 2096 ner

109 2146 212 2186 eorum
247 2145 401 2185 numerum
438 2146 492 2185 neo
528 2127 651 2186 nomina
687 2127 763 2185 seiri.
809 2126 863 2184 hos
896 2125 1057 2185 Consentes
1094 2131 1124 2185 et

110 2215 274 2292 Oomplioes
298 2217 418 2275 Etrusci
446 2217 532 2275 aiunt
555 2218 585 2274 et
607 2217 772 2290 nominant,
803 2214 882 2290 quod
904 2234 966 2274 una
987 2217 1124 2274 oriantur

82 2308 140 2365 tet
159 2305 297 2365 occidant
319 2325 387 2380 una,
412 2325 461 2364 sex
479 2323 575 2364 mares
599 2308 629 2363 et
651 2305 776 2363 totidem
795 2305 930 2379 feminas,
953 2304 1123 2363 nominibus

109 2395 220 2472 ignotis
244 2398 275 2453 et
297 2395 496 2454 miserationis
525 2394 730 2470 parcissimae3
761 2394 812 2453 sed
840 2412 889 2452 eos
913 2394 1020 2452 summi
1043 2393 1123 2452 Iovis

110 2484 296 2544 consiliarios
320 2503 354 2543 ae
377 2483 539 2560 partieipes
563 2483 733 2543 existimari.

180 2583 282 2638 Amol).
298 2586 324 2649 3,
338 2588 374 2637 40
388 2598 460 2637 Varro
475 2598 514 2645 qui
528 2615 562 2622 -
577 2596 706 2637 existimari.
730 2583 763 2647 cf.
780 2582 860 2636 Prob.
882 2582 957 2652 Vel‘y.
974 2583 1030 2637 buc.
1043 2586 1068 2648 6,
1079 2587 1122 2637 31.

108 2654 181 2709 Serv.
200 2655 277 2708 Dara.
297 2656 366 2708 Aea.
381 2659 407 2720 2,
421 2658 484 2708 296.
512 2655 551 2708 id.
570 2654 885 2724 toio.3,12[Varrooe
908 2654 1028 2724 auctore]
1052 2671 1122 2722 quos

108 2725 226 2778 Romani
244 2726 358 2794 penitus
376 2726 405 2778 in
426 2725 502 2778 cultu
521 2725 634 2792 habent,
654 2743 723 2792 quos
742 2725 798 2777 nisi
817 2725 956 2778 sacerdoti
970 2725 1065 2778 videre
1079 2725 1123 2778 fas

108 2795 180 2849 nulii
199 2797 249 2861 eit,
273 2796 322 2864 qui
341 2797 404 2850 ideo
423 2799 538 2866 penates
565 2796 756 2865 appellantur,
779 2797 854 2863 quod
877 2796 907 2848 in
930 2795 1123 2864 penetralibus

109 2868 221 2921 aedium
241 2866 295 2920 ooli
315 2867 435 2933 soleant;
459 2886 524 2920 nam
544 2871 572 2934 et
590 2867 683 2936 ipsum
701 2867 828 2936 penetral
847 2883 935 2936 penus
956 2868 1067 2936 dicitur,
1091 2870 1123 2921 ut

108 2939 321 3065 h⁰⁶ii⁰3qli⁰bu⁰
339 2955 427 3007 penus
446 2940 549 2993 Vestae
569 2939 662 2992 alandi
680 2938 725 2991 vel
745 2938 847 3007 aperiri
866 2938 976 2992 dieitur.
1005 2941 1039 3007 of.
1057 2942 1122 2994 Ma·

107 3028 176 3065 oro.
210 3051 218 3077 ,
250 3053 258 3077 ‚
294 3053 298 3062 .

180 3123 195 3170 6
214 3116 422 3171 memorationis
447 3118 563 3172 Ursinus
623 3116 809 3185 tpartioipas
829 3116 960 3188 Sealiper:
981 3118 1123 3188 principes

580 3268 649 3327 375

175 3395 271 3452 Varro
301 3394 486 3452 Pilumnum.
504 3396 534 3452 et
563 3395 738 3452 Pitumnum
767 3394 930 3452 infantium
960 3394 1029 3453 deos
1060 3413 1122 3454 esse

102 3485 151 3540 ait
173 3485 277 3558 eisque
300 3502 359 3560 pro
380 3502 528 3560 puerpera
555 3484 664 3542 lectum
689 3486 720 3541 in
744 3485 821 3541 atrio
844 3484 950 3558 sterni,
981 3484 1051 3541 dum
1074 3504 1122 3542 ex-

79 3570 231 3646 ploretur·
253 3595 292 3638 an
320 3575 428 3639 vitalis
452 3575 496 3638 sit
520 3575 574 3659 qui
597 3578 689 3636 natus
712 3576 775 3647 ests
788 3572 864 3630 Piso
881 3566 942 3650 bis.
960 3567 1001 3650 bb
1010 3573 1125 3630 runn-
