2422 3840
436 200 598 255 Cornificius
617 200 730 272 Longus
1022 199 1089 264 475

570 372 587 427 1

142 477 231 537 llll.
268 477 360 553 ipsis
379 495 461 535 vero
480 476 523 534 ad
538 474 678 536 Cereris
696 476 886 535 memoriae
904 476 1090 537 novandas

75 568 196 644 gratia
218 566 334 625 lectus
357 569 578 624 sternuntur.

145 666 231 718 Pre'ec.
243 681 272 733 p.
288 667 353 729 257,
368 667 385 718 5
400 663 486 717 etiam
499 663 583 717 huius
597 663 687 717 lectus
702 664 891 732 antiquissimi
904 663 1089 732 protulerunt.

76 735 237 790 Cornificius
256 735 286 789 in
304 735 317 788 I
336 735 371 788 de
391 735 492 803 etymis
511 735 637 789 deorum:
656 748 710 797 ipsu
722 767 750 774 -
764 752 898 789 samanar.

146 849 161 896 2
176 842 269 912 gratia
283 843 368 897 Besa.
379 842 541 913 nequiret.
554 842 642 897 Oarol.
661 842 783 911 gratiam
796 843 837 896 cel
855 842 930 895 -tiae
945 842 1018 911 (tie)
1031 843 1089 897 rell.

568 995 591 1052 2

141 1101 159 1158 l.
178 1100 245 1158 ΙΙΙ.
293 1099 416 1159 Cicero
448 1093 497 1178 [cte
519 1104 579 1161 aut.
603 1101 630 1158 d.
654 1101 685 1168 2,
702 1094 757 1179 67]
785 1119 853 1159 non
876 1099 1003 1159 Ianum
1030 1099 1091 1160 sed

74 1191 209 1248 Eanum
232 1189 395 1247 nominat
418 1188 459 1247 ab
483 1189 604 1249 eundo.

147 1290 271 1343 Macroo.
287 1293 312 1353 1,
327 1293 352 1355 9,
369 1293 402 1342 11
422 1287 472 1340 alii
490 1287 626 1341 mundum
644 1288 674 1340 id
689 1289 732 1341 est
746 1287 855 1341 caelum
869 1303 930 1342 esse
944 1287 1091 1342 voluerunt

74 1361 228 1427 Ianumque
248 1359 283 1412 ab
303 1360 393 1412 eundo
414 1358 529 1424 dictum,
548 1359 623 1426 quod
643 1359 763 1412 mundus
782 1375 891 1427 semper
905 1361 959 1427 eat,
980 1360 1047 1412 dum
1061 1358 1090 1412 in

75 1433 171 1486 orbem
189 1430 310 1484 volvitur
329 1432 357 1481 et
381 1447 414 1482 ex
437 1445 466 1482 sc
489 1430 602 1483 initium
625 1429 731 1484 faciens
755 1431 785 1483 in
809 1446 838 1484 se
861 1428 992 1496 refertur;
1015 1429 1091 1484 unde

75 1506 103 1558 ei
123 1501 284 1556 Cornificius
308 1503 464 1568 etymorum
487 1499 559 1555 libro
582 1501 679 1555 tertio:
704 1514 781 1556 Glosro
799 1502 893 1568 inquit
910 1526 996 1555 non—
1010 1516 1090 1556 eundo.

76 1575 141 1627 hinc
161 1576 189 1626 et
207 1572 360 1626 Phoenices
379 1572 409 1624 in
428 1572 514 1624 sacris
532 1572 685 1642 imaginem
704 1573 764 1626 eius
783 1573 969 1641 exprimentes
994 1573 1091 1626 draco-

75 1662 139 1699 nem
153 1645 292 1698 finxerunt
306 1643 336 1696 in
350 1643 446 1696 orbem
460 1643 605 1696 redactum
619 1643 794 1711 caudamque
808 1661 887 1697 suam
902 1643 1090 1710 devorantem,

76 1719 108 1769 ut
127 1716 262 1783 appareat
279 1715 415 1767 mundum
434 1718 463 1769 et
481 1730 515 1767 ex
533 1729 562 1767 se
582 1713 643 1782 ipso
663 1714 702 1767 ali
720 1716 749 1768 et
771 1715 802 1768 in
825 1731 855 1769 se
876 1714 989 1768 revolvi.
1027 1715 1090 1768 ideo

75 1790 104 1840 et
123 1786 198 1854 apud
217 1802 268 1839 nos
286 1785 315 1838 in
335 1787 469 1852 quattuor
490 1786 585 1853 partes
608 1787 729 1853 spectat,
753 1789 785 1840 ut
808 1786 983 1840 demonstrat
1006 1786 1091 1840 simu-

75 1859 181 1910 lacrum
202 1857 260 1910 eius
277 1855 384 1910 Faleris
403 1856 558 1910 advectum.
591 1857 626 1923 cf.
641 1858 708 1927 Nae.
723 1857 788 1928 Fa.
802 1858 893 1924 fr.42.
924 1857 993 1912 Gau.
1009 1859 1089 1912 Buce.

75 1929 110 1992 fr.
131 1933 156 1982 9.
198 1928 266 1982 Ieid.
286 1945 325 1981 or.
345 1931 488 1993 8,11,37.
529 1928 611 1981 cerba
636 1928 714 1982 ‘hinc
739 1960 770 1968 -
793 1928 948 1982 advectum'
975 1929 1090 1995 fortusse

77 2000 221 2066 Cornificio
240 1999 387 2054 tribuenda
404 2006 476 2053 sunt.

567 2134 588 2189 3

143 2238 316 2298 Cornificius
345 2238 509 2297 arbitratur
536 2238 708 2314 Apollinem
734 2240 921 2298 nominatum
951 2235 1010 2300 ἀπὸ
1037 2247 1090 2299 τοῦ

77 2325 244 2403 ἀναπολεῖν,
266 2327 298 2384 id
318 2330 363 2386 est
381 2329 453 2402 quia
471 2330 552 2386 intra
571 2329 728 2386 circuitum
746 2328 858 2402 mundi,
878 2347 965 2403 quem
986 2327 1091 2387 Graeci

76 2415 168 2476 πόλον
192 2417 355 2492 appellant,
377 2419 492 2492 impetu
514 2418 595 2476 latus
619 2416 658 2475 ad
681 2419 762 2476 ortus
785 2417 919 2476 refertur.

148 2516 416 2581 Macrob.1,17,9
439 2515 599 2586 [postquam
622 2518 750 2570 Platonis
774 2515 921 2585 Chrysippi
943 2516 1092 2586 Speusippi

76 2588 214 2642 Cleanthis
237 2593 326 2656 etyma
349 2587 453 2657 attala]
478 2600 609 2642 Cornificius
623 2619 650 2625 -
663 2601 763 2641 rotamur.
802 2589 925 2655 sequimur
948 2588 981 2640 de
999 2589 1091 2642 eadem

67 2676 102 2784 xple
119 2659 211 2784 Q?
238 2658 397 2727 disputatio.
439 2658 473 2724 cf.
499 2659 586 2712 Varro
612 2658 644 2711 de
670 2660 687 2712 l.
707 2658 740 2712 L.
766 2662 791 2726 5,
807 2662 852 2712 68.
892 2658 946 2713 Oic.
972 2659 1004 2713 de
1031 2666 1089 2714 act.

568 2811 588 2865 4

142 2915 294 2973 invenitur
308 2915 389 2991 apud
403 2913 594 2973 Cornificium
608 2914 745 2992 Longum
753 2914 898 2990 Iapydem
912 2919 942 2974 st
955 2916 1090 2975 Icadium

76 3005 224 3078 profectos
249 3022 266 3061 a
290 3003 379 3062 Creta
406 3005 437 3060 in
465 3003 596 3063 diversas
624 3005 761 3081 regiones
787 3005 916 3079 venisse,
947 3005 1090 3080 Iapydem

77 3092 114 3150 ad
132 3093 263 3167 Italiam,
282 3093 417 3151 Icadium
435 3111 505 3151 vero
525 3094 597 3152 duce
616 3093 756 3168 delphino
776 3093 814 3150 ad
831 3096 963 3151 montem
979 3093 1089 3153 Parna-

76 3199 156 3254 sum,
184 3184 214 3239 et
241 3201 259 3239 a
287 3182 360 3240 duce
387 3181 519 3257 Delphos
548 3183 772 3259 cognominasse
800 3184 830 3240 et
856 3183 888 3239 in
916 3184 1090 3241 memoriam

76 3272 182 3346 gentis,
206 3283 320 3345 exque
340 3271 583 3346 profectusum,
606 3270 791 3329 subiacentes
814 3289 934 3347 campos
955 3269 1116 3331 Crisaeoss

76 3360 124 3418 vel
149 3358 286 3418 Cretaeos
310 3359 476 3434 appellasse
499 3361 529 3418 et
552 3378 618 3418 aras
642 3361 839 3419 constituisse.

145 3459 217 3513 Serv.
233 3458 332 3527 (Dan.)
346 3458 415 3511 Aea.
431 3462 457 3523 3,
472 3461 526 3512 332
544 3458 655 3528 patrias
673 3475 741 3512 aras
758 3457 815 3511 alii
829 3455 983 3509 amnicae
993 3448 1122 3529 [inuata

74 3530 147 3597 ΕΜ
165 3560 210 3611 Τ·
238 3528 289 3581 ³113
304 3529 415 3613 patrias
435 3528 604 3602 Apollineas
625 3531 732 3617 colunt
749 3547 770 3584 a
783 3526 891 3581 latiis
913 3521 1052 3600 namanes
1069 3523 1170 3621 ³³&

66 3600 135 3663 ΜΘ,
163 3617 193 3650 111
222 3617 279 3666 <lua
305 3600 554 3676 PatriusApollo
582 3605 694 3662 colitur
715 3635 769 3656 -.
805 3598 883 3651 sunt
905 3606 967 3657 <lm
988 3588 1091 3636 mm
1173 3669 1174 3672 Ἴ
