2422 3840
115 156 178 220 266
262 155 467 210 Grammaticos
487 156 588 210 aetatis
606 155 797 210 Varronianus
816 155 975 226 fragmenta

113 327 175 383 iam
197 325 330 401 perfecta
353 343 415 384 esse
439 326 644 402 grammatica,
668 325 719 385 aed
743 325 815 400 quia
837 325 903 401 ipso
921 327 1040 383 nomine
1063 344 1132 401 pro-

74 431 100 472 re
115 414 193 474 fiteri
212 432 242 473 se
261 408 377 473 litteras
401 415 521 488 clamat,
543 415 621 472 uude
640 416 732 473 etiam
749 415 843 473 latine
866 415 1040 472 litteratura
1058 413 1133 473 dici·

114 507 173 578 tur,
196 504 309 562 factum
328 505 426 562 estut
445 495 587 584 quioquid
605 503 731 580 dignum
749 505 893 562 memoria
915 503 1025 562 litteris
1048 523 1132 562 man·

116 593 245 666 daretur,
269 592 307 650 ad
330 610 396 650 eam
419 594 585 651 necessario
608 593 778 668 pertineret.

118 718 120 722 ’
188 709 352 779 1119111111
365 708 574 775 ord.2,12,35
592 707 664 761 illud
683 708 757 776 quod
776 708 806 760 in
824 707 905 763 nobis
925 710 968 762 est
985 706 1133 772 rationale,

115 781 146 834 id
169 781 212 832 est
235 778 311 846 quod
333 777 442 833 ratione
465 779 555 832 utitur
577 781 606 831 et
627 778 809 833 rationabilia
826 778 871 832 vel
888 779 960 833 facit
977 778 1021 830 vel
1041 778 1134 846 aequi-

115 854 170 918 tur,
184 883 219 891 -
233 850 305 903 vidit
324 866 383 903 esse
402 850 573 919 imponenda
590 850 672 903 rebus
690 850 827 905 vocabula
841 851 871 904 id
885 852 929 904 est
942 849 1134 919 significantes

116 921 253 991 quosdam
272 938 363 985 sonos,
381 923 413 974 ut
433 921 565 989 quoniam
585 921 687 975 sentire
708 921 815 976 animos
835 939 899 976 auos
918 939 974 976 non
992 922 1133 989 poterant,

116 994 154 1047 ad
177 1011 223 1047 eos
247 992 302 1046 sibi
325 993 497 1061 copulandos
521 1008 603 1045 sensu
622 993 703 1060 quasi
722 992 875 1062 interprete
893 994 1047 1047 uterentur.
1084 991 1135 1046 aed

116 1079 190 1120 111111
204 1082 369 1132 -10111-
392 1065 502 1118 notavit
530 1065 616 1118 etiarn
643 1064 700 1118 ista
733 1065 837 1136 [spatia
864 1065 1003 1133 temporis,
1035 1065 1135 1133 quibua

117 1139 214 1207 tcaput
233 1138 373 1205 brevesque
390 1137 512 1206 1911111111
530 1137 722 1262 tenderentur&
736 1138 765 1189 et
783 1136 813 1189 in
831 1135 944 1202 regulas
963 1137 1054 1189 111111
1078 1135 1136 1188 dia-

117 1207 218 1276 posuit.
247 1224 335 1269 poterat
348 1221 565 1270 lam-pertineret.
593 1209 683 1276 Asper
726 1207 786 1262 GK
798 1207 925 1274 V547,5
949 1206 1136 1277 grammatica

118 1280 160 1333 est
178 1278 297 1332 scientia
315 1280 390 1332 reete
410 1276 550 1331 scribendi
565 1280 594 1331 et
609 1278 775 1332 enuntiandi
793 1277 1055 1346 interpretandique
1068 1293 1136 1345 poe-

117 1351 161 1404 tas
187 1349 231 1403 vel
256 1348 405 1404 historiam
430 1349 551 1403 formata
577 1350 631 1421 [itu
655 1351 766 1418 scripsi:
792 1350 890 1417 poetae
914 1367 964 1417 per
986 1348 1136 1402 historiam

118 1422 268 1475 formatam
286 1421 343 1476 cod.
361 1420 440 1475 Goth.
473 1419 734 1488 interpretandique
752 1421 965 1475 commaticis
980 1421 1079 1490 Vatia]
1099 1420 1136 1473 ad

118 1510 199 1545 usum
221 1492 414 1559 rationemque
438 1491 597 1557 verborum,
621 1509 706 1560 quam
725 1490 872 1545 Terentius
896 1491 948 1563 [et]
966 1490 1055 1544 Varro
1078 1490 1137 1559 pri-

118 1581 195 1617 murn
214 1563 246 1616 ut
265 1563 357 1616 adhuc
374 1561 474 1616 rudem
493 1562 667 1631 appellatam
685 1579 745 1616 esse
760 1562 830 1616 dicit
844 1563 1033 1616 litteraturam
1047 1561 1137 1634 [litte-

119 1634 257 1689 rationem
281 1634 457 1704 Walmanrul
494 1635 562 1688 Iaiel.
582 1639 734 1702 11.1,3,1
758 1634 912 1702 primordia
935 1633 1137 1704 grammaticae

120 1706 189 1759 artis
207 1705 318 1758 litterae
338 1722 496 1759 communes
516 1705 653 1773 existunt,
677 1722 747 1774 quas
769 1705 879 1759 librarii
902 1706 931 1758 et
954 1704 1137 1759 calculatores

120 1777 259 1830 secuntur.
311 1792 429 1844 quarum
451 1777 592 1899 pquorum
619 1777 673 1848 op]
707 1775 858 1845 disciplina
888 1776 966 1830 velut
998 1775 1138 1845 quaedam

120 1849 322 1917 grammaticae
337 1846 405 1920 artis
419 1847 450 1900 in
463 1849 541 1933 potia
555 1850 610 1913 est3
624 1848 699 1902 unde
713 1851 743 1902 et
756 1865 818 1902 eam
831 1847 921 1901 Varro
934 1847 1137 1901 litterationem

121 1921 209 1973 vocat.
244 1923 280 1986 cf.
294 1920 333 1973 td.
349 1926 374 1984 1,
388 1923 413 1986 5,
429 1923 452 1972 1.
488 1921 574 1975 Mart.
592 1919 658 1989 Gap.
673 1924 698 1987 3,
712 1923 769 1975 229
787 1919 962 1989 γραμματικὴ
986 1919 1064 1973 dicor
1088 1919 1137 1990 [lo-

121 1993 216 2059 quitur
232 1991 425 2061 prammatice]
444 1991 474 2042 in
489 1990 615 2057 Graecia,
634 1991 710 2059 quod
728 1990 839 2061 γραμμὴ
858 1990 934 2044 linea
949 1992 977 2043 et
991 1989 1139 2060 γράμματα

120 2061 231 2115 litterae
251 2063 446 2130 nuncupentur
464 2061 590 2130 mihique
609 2062 645 2114 sit
664 2062 839 2115 adtributum
857 2061 1016 2115 litterarum
1033 2061 1139 2114 formas

121 2133 242 2202 propriis
267 2132 396 2186 ductibus
420 2133 533 2186 lineare.
570 2133 691 2201 hincque
714 2133 785 2187 mihi
803 2132 938 2187 Romulus
961 2133 1139 2186 litteraturae

122 2221 223 2258 nomen
247 2203 391 2273 ascripsit,
420 2204 547 2272 quamvis
570 2204 709 2258 infantem
727 2222 771 2257 me
794 2204 997 2258 litterationem
1020 2203 1140 2258 voluerit

121 2291 296 2343 nuncupare,
321 2275 361 2328 sic
383 2277 415 2328 ut
439 2275 515 2344 apud
534 2275 653 2329 Graecos
677 2275 895 2345 γραμματιστικὴ
914 2275 1044 2344 primitus
1063 2273 1140 2328 roci-

122 2346 211 2400 tabar.
257 2347 349 2401 Diem,
366 2365 395 2415 p.
414 2351 514 2413 421,9
543 2347 646 2400 artium
673 2363 777 2417 genera
805 2348 871 2400 eunt
898 2346 988 2415 plura,
1022 2363 1140 2415 quarum

123 2417 305 2488 grammatice
326 2416 386 2471 sola
404 2417 536 2472 litteralis
556 2420 607 2484 est,
627 2434 660 2471 ex
679 2434 735 2486 qua
754 2417 891 2472 rhetorice
909 2419 937 2470 et
951 2418 1060 2486 poetice
1076 2434 1141 2471 oon·

124 2489 240 2553 sistunt;
263 2489 369 2542 idcirco
392 2489 524 2543 litteralis
549 2489 635 2555 dicta,
659 2490 735 2558 quod
754 2507 770 2541 a
788 2489 891 2542 litteris
909 2488 1037 2558 incipiat.
1075 2505 1141 2541 nam

124 2563 153 2615 et
172 2560 372 2630 grammaticus
390 2560 479 2614 latine
497 2561 639 2615 litterator
657 2563 700 2614 est
721 2560 880 2629 appellatus
903 2562 933 2612 et
955 2559 1141 2628 grammatica

124 2631 292 2697 litteratura,
316 2649 387 2699 quae
406 2632 525 2685 formam
544 2631 678 2700 loquendi
697 2632 734 2685 ad
753 2633 857 2685 certam
875 2631 1014 2685 rationem
1033 2630 1141 2700 dirigit.

124 2703 159 2769 cf.
177 2702 390 2771 Quint.2,1,4.
419 2705 451 2756 de
469 2705 579 2758 coetos
599 2703 751 2758 ‘litteralia’
772 2710 797 2758 ct
817 2703 996 2757 ‘litteratura'
1016 2702 1052 2768 cf.
1071 2702 1143 2756 Wil-

123 2791 224 2828 111111111
242 2774 325 2843 Steap
343 2776 406 2842 Iecp
424 2775 491 2829 thid.

552 2963 620 3020 236
643 2954 715 3038 [93]

193 3103 407 3179 grammaticae
426 3102 532 3177 officia,
551 3105 585 3161 ut
600 3103 711 3162 adserit
724 3104 830 3176 Varro,
849 3105 987 3161 constant
1005 3103 1037 3159 in
1050 3100 1144 3175 parti-

126 3191 182 3250 bus
193 3194 344 3266 quattuor,
358 3193 485 3250 lectione
496 3194 683 3250 enarratione
698 3190 903 3250 emendatione
913 3191 1032 3249 iudicio.
1055 3189 1145 3249 lectio

128 3284 172 3339 est
196 3313 237 3320 —
257 3281 342 3339 varia
365 3280 507 3355 cuiusque
531 3283 635 3357 scripti
658 3283 824 3340 enuntiatio
848 3282 978 3339 serviens
1001 3279 1147 3357 dignitati

128 3389 320 3444 personarum
344 3370 569 3445 exprimensque
590 3370 683 3427 animi
706 3370 842 3428 habiturn
865 3370 1018 3444 cuiusque.
1061 3388 1147 3430 enar·

102 3458 205 3517 aratio
221 3462 265 3517 est
280 3459 470 3517 obscurorum
491 3477 630 3517 sensuum
645 3461 889 3534 quaestionumve
906 3458 1078 3534 explanatio
1095 3491 1146 3516 -.

113 3546 287 3605 emendatio
311 3551 360 3608 est
383 3581 427 3590 -
449 3551 631 3610 recorrectio
656 3566 793 3608 errorum
814 3549 870 3623 qui
891 3567 945 3622 per
967 3546 1148 3620 scripturam
