2422 3840
109 181 175 245 542
274 179 479 235 Grammaticus
499 180 600 235 aetatis
619 183 780 252 Augusteae
799 183 959 252 fragmenta

180 342 266 396 Sciret.
292 343 387 396 Veros.
407 343 464 395 buc.
487 346 511 408 7,
531 346 567 395 37
586 341 704 396 Galatea
723 341 807 395 Nerei
834 343 893 395 filia
916 362 932 396 a
950 343 1124 412 Polyphemo

110 412 224 482 cyclope
244 413 377 466 adamata
396 412 562 481 conplexum
581 414 640 466 eius
660 414 768 468 evitans
787 414 817 466 in
840 431 916 468 mare
936 431 965 467 se
984 417 1124 484 praecipi-

109 484 189 538 iavii.
217 483 344 556 Ne<rine>
359 517 385 523 —
401 498 519 538 Galateam

182 597 195 643 1
222 591 257 643 N.
283 593 355 659 patr.
383 590 414 644 G.
441 593 484 644 est
508 594 598 659 suppl.
628 592 707 646 Italo
732 593 790 646 coil.
819 591 912 647 Seruio
939 594 977 646 ud
1004 596 1078 648 tuuc
1106 595 1122 647 l.

164 662 198 715 al.
219 661 298 716 Corn.
317 663 394 716 Jusa
413 661 462 715 alii
482 661 603 716 Cornelii
624 665 689 717 Mai
707 664 773 717 Keil

605 817 624 870 4

177 927 249 986 dicit
269 927 422 987 Cornelius
444 929 565 1004 abipso
585 929 719 1005 Vergilio
743 928 867 1002 audisse,
892 930 971 1004 quod
990 929 1125 989 Caelium

109 1017 307 1075 Mantuanum
334 1017 481 1094 quendam
508 1018 611 1095 tetigit
640 1012 830 1097 [versutus]
862 1021 914 1093 qui
941 1022 1125 1094 consumptis

110 1106 245 1165 omnibus
274 1107 468 1165 facultatibus
492 1107 567 1164 nihil
595 1107 652 1165 sibi
675 1108 798 1182 reliquit
821 1108 878 1165 nisi
906 1109 1004 1166 locum
1031 1110 1123 1167 trium

109 1195 262 1271 ulnarum,
300 1198 431 1270 spatium
468 1196 506 1253 ad
543 1197 727 1270 sepulturam
764 1200 793 1254 et
826 1195 906 1254 Caeli
943 1216 997 1272 pro
1032 1197 1126 1256 (laelii

83 1284 193 1342 edixit.
221 1317 262 1324 -
288 1286 361 1342 item
387 1285 533 1343 Asconius
561 1284 710 1343 Pedianus
743 1288 786 1343 ait
817 1304 847 1344 se
878 1286 994 1344 audisse
1020 1288 1125 1364 Vergi-

109 1373 184 1431 lium
207 1373 353 1432 dicentem
375 1374 407 1431 in
430 1373 485 1432 hoc
508 1374 573 1433 loco
593 1393 624 1432 se
648 1376 850 1451 grammaticis
875 1394 989 1434 crucem
1012 1376 1125 1450 fixisse3

110 1462 296 1537 quaesituros
316 1481 365 1520 eos
384 1464 410 1521 si
429 1462 495 1537 quis
515 1462 677 1521 studiosius
699 1464 889 1521 occuleretur.
932 1463 1005 1522 dicit
1024 1468 1125 1523 autem

109 1553 232 1627 propter
255 1549 389 1609 Caelium
411 1552 616 1610 Mantuanum.

181 1650 267 1704 Sciet.
276 1652 361 1704 Berri.
372 1652 429 1705 buc.
438 1654 464 1716 3,
473 1655 525 1704 105
539 1664 595 1704 uois
604 1663 718 1705 comorius
727 1683 754 1690 —
763 1665 826 1704 arxis.
832 1683 859 1690 —
867 1666 921 1705 uem
930 1642 957 1690 ’-
966 1666 1123 1706 mantuanum.

109 1722 173 1776 item
191 1722 315 1792 Philury.
335 1723 372 1775 usi
390 1722 463 1775 huuc
481 1724 497 1775 i.
519 1723 552 1788 cf.
572 1720 645 1776 Seru.
665 1723 730 1776 isid.

183 1834 196 1881 1
218 1826 361 1881 Cornelius
381 1829 499 1882 thbeclr
522 1827 658 1883 Cornutus
682 1830 738 1884 cod.
760 1828 921 1883 Cornificius
945 1832 1069 1899 Philurp.
1089 1833 1124 1897 cs.

109 1899 224 1969 Hesperi,
247 1900 338 1953 Fleuit.
362 1900 475 1955 Jahrbb.
498 1902 588 1967 suppl.
608 1905 625 1952 4
644 1903 737 1969 (1867)
757 1919 787 1969 p.
809 1905 862 1954 712
961 1902 1025 1954 aud.
1051 1902 1123 1973 <se>

109 1987 150 2040 ep.
242 1969 349 2023 caelum
441 1971 579 2025 tAscon.
603 1970 683 2043 Ped]
706 1990 762 2026 sorr
785 1972 905 2040 quadrat
931 1974 963 2026 cb
989 1980 1124 2041 temporu;

109 2044 144 2108 cf.
164 2042 283 2096 Ribbeck
296 2060 326 2110 p.
347 2047 383 2096 97
391 2059 428 2110 sq.

610 2159 629 2216 5

178 2267 219 2331 ‘et
242 2268 383 2330 tandcm'.
420 2272 547 2333 Probus:
566 2274 612 2332 his
634 2274 747 2332 duobus
766 2274 908 2349 versibus,
927 2277 1034 2349 inquit,
1058 2274 1123 2332 fini-

109 2363 161 2419 tur
182 2362 231 2419 hic
258 2361 335 2420 liber
361 2364 394 2420 in
418 2363 531 2421 Tuscae
560 2366 591 2421 et
619 2362 802 2421 Cornelianis
831 2364 1062 2438 commentariis,
1093 2368 1123 2421 et

109 2450 277 2526 Vergilium
303 2452 348 2508 ita
376 2453 467 2509 etiam
494 2452 592 2510 finisse
620 2452 811 2510 manifestum
838 2457 883 2511 est
911 2457 941 2510 et
967 2454 1122 2512 inchoasse

110 2543 225 2596 sextum
248 2539 357 2597 librum
382 2534 572 2599 ‘obvertunt’.

181 2637 313 2704 Pomport.
333 2638 428 2693 Sabin.
448 2639 485 2692 ad
504 2641 572 2692 Aeli.
593 2644 649 2705 6‚1
668 2657 690 2693 ct
703 2655 792 2692 tandem
806 2672 832 2678 -
847 2655 973 2693 obvertunt.

182 2750 197 2796 2
218 2743 309 2816 Corn]
328 2745 397 2798 Vari
415 2744 585 2815 Vergilianis
605 2749 674 2800 corsi.
691 2748 810 2816 Wupuer

261 3041 497 3126 VERGILH
530 3040 971 3128 OBTREOTATORES

181 3225 252 3279 Suet.
272 3227 329 3279 reli.
347 3241 375 3291 p.
396 3229 431 3278 65
446 3227 480 3279 R.
505 3225 706 3279 obtrectatores
728 3223 851 3294 Vergilio
870 3243 1023 3292 numquam
1043 3226 1122 3279 deiu-

110 3299 200 3362 erunt‚
218 3312 271 3349 nec
289 3296 403 3361 mirum;
421 3311 487 3348 nam
505 3312 540 3349 ne
554 3296 674 3350 Homero
693 3295 814 3363 quidem.
843 3298 876 3350 de
889 3298 1005 3351 Homeri
1023 3299 1121 3352 obtrec-

109 3369 243 3422 tatoribus
267 3368 395 3435 sophistis
418 3367 570 3421 rhetoribus
594 3369 780 3437 prummaticis
802 3369 836 3434 cf.
857 3369 955 3433 Lehrs,
979 3369 1012 3423 de
1034 3370 1121 3423 Arist.

107 3440 179 3494 stud
208 3440 305 3492 Horra²
324 3456 353 3506 p.
374 3442 428 3491 199
437 3455 474 3506 sq.
516 3441 587 3493 iuter
619 3439 734 3509 Veryiiii
761 3441 946 3494 obtrectatores
973 3441 1026 3493 huc
1052 3443 1122 3495 solos

90 3514 296 3580 prammatr'cos
314 3511 425 3581 rettuii;
439 3517 538 3584 postus
561 3511 680 3581 iuferius
702 3510 837 3565 cottocuui.
874 3511 905 3563 dc
927 3511 967 3564 M.
989 3513 1121 3579 Vipsanis

81 3582 222 3654 Aynppa
241 3587 284 3644 ud
309 3589 376 3644 item
396 3589 530 3659 isterius.
