2422 3840
109 163 176 226 570
275 162 481 216 Grammaticac
500 162 602 216 aetatis
621 163 782 232 Augusteae
800 163 959 232 fingmento

180 327 206 377 2.
227 324 288 379 San.
311 340 384 378 auae.
403 327 431 388 2,
444 328 482 378 20
508 325 606 376 notate
630 339 698 391 prae
724 322 824 377 ceteris
849 325 955 391 quanto
982 322 1127 376 decentius

109 394 253 464 Vergilius
268 394 371 448 dixerit
385 395 446 460 hoc,
465 395 541 462 quod
559 394 641 447 valde
661 397 721 448 erat
741 393 850 449 celebre
866 393 946 448 ‘belli
965 410 1044 448 mora
1062 410 1128 447 con-

110 466 181 519 cidii
199 465 318 520 Hector’
344 467 425 548 [Aen.
441 470 484 532 11,
498 465 579 537 288];
605 466 759 533 ‘quidquid
779 466 816 518 ad
834 464 967 518 adversae
987 469 1129 518 cessatum

111 541 154 590 esi
167 537 279 592 moenia
293 537 402 604 Trorae,
413 537 426 607 s
439 536 568 591 Hectoris
581 537 749 605 Aeneaeque
762 554 848 590 manu
861 535 980 590 victoria
989 535 1106 590 Graium
1119 537 1132 605 i

84 607 224 662 thaesii’.
251 608 384 662 Messalla
398 608 493 661 aiebat
506 608 553 662 hic
567 607 724 677 Vergilium
744 607 874 662 debuisse
893 606 1033 662 desinere:
1053 607 1129 675 quod

110 679 237 749 sequitur
255 680 333 752 [290]
354 680 395 734 ‘et
412 679 442 732 in
461 678 601 733 decimum
618 679 740 749 vestigia
764 678 876 733 rettulit
898 679 1013 732 aunum'
1036 678 1129 747 exple-

111 752 237 804 mentum
255 766 328 818 esse3
347 750 496 804 Maecenas
514 750 568 804 hoc
587 750 673 804 etiam
690 750 779 819 priori
798 751 979 818 conparabat.

182 840 296 894 Hardea
319 840 373 909 (die
392 840 505 910 Fraqm.
525 839 551 892 d.
572 841 662 894 Maec.
675 856 707 907 p.
726 841 773 908 21)
795 840 839 893 bic
861 845 886 892 et
907 855 994 908 supra
1018 842 1129 908 (testll

112 913 299 965 Maecenatem
319 912 462 965 Meliesmn
483 911 552 965 Gaii
571 911 695 964 libertum
713 912 872 964 denotatum
889 927 942 964 esee
960 915 1060 978 putat,
1083 912 1131 965 aad

111 999 172 1037 cum
198 982 300 1037 Seneca
324 983 396 1036 inter
418 984 510 1036 uarios
532 983 676 1049 scriptores
700 982 819 1036 uaedam
844 983 964 1035 moninio
984 983 1130 1050 perspicue

112 1054 279 1123 distinquere
305 1055 390 1108 soleat
417 1054 539 1121 idemque
568 1053 596 1108 0.
623 1053 809 1106 Maecenatem
827 1055 971 1122 quinquies
984 1059 1131 1121 praeterea

110 1126 167 1179 solo
180 1141 282 1192 semper
295 1126 344 1178 boc
356 1126 466 1178 namne
478 1125 613 1194 siqnifieet
628 1125 756 1192 (controv.
770 1127 833 1190 nr,
844 1128 879 1178 13
893 1125 942 1177 bis.
962 1128 988 1189 9,
999 1127 1078 1190 3,14.
1094 1130 1130 1179 10

106 1198 199 1265 praef.
217 1201 242 1249 8.
261 1213 335 1250 auae.
355 1200 380 1262 3,
395 1199 431 1264 5),
450 1198 485 1250 ab
503 1213 532 1250 eo
552 1195 688 1250 dissentio.

312 1457 364 1541 M.
397 1453 672 1542 VIPSANIUS
703 1455 933 1539 AGRIPPA

487 1623 755 1690 TESTIMONIA

185 1751 209 1799 1.
230 1748 306 1801 Mar.
322 1747 390 1800 Vict.
404 1764 434 1815 p.
455 1751 513 1812 9,5
540 1745 673 1800 Messalla
691 1746 794 1800 Brutus
813 1746 940 1816 Agrippa
963 1762 1014 1814 pro
1034 1764 1130 1800 sumus

113 1817 200 1870 simus
219 1818 418 1889 [saepserunt]

183 1900 210 1951 2.
237 1898 309 1952 Suet.
335 1899 392 1951 rell.
414 1915 444 1966 p.
466 1901 501 1951 65
520 1898 555 1952 R.
592 1897 630 1950 M.
652 1896 804 1965 Vipsanius
830 1913 848 1950 a
872 1897 1037 1951 Maecenate
1067 1914 1131 1951 eum

113 1969 291 2040 [Verqilimn]
307 1969 482 2036 suppositum
497 1967 663 2037 appellabat
676 1985 765 2023 novae
779 1967 936 2023 cacozeliae
949 1971 1130 2037 repertorem,

112 2056 169 2093 non
187 2041 314 2093 tumidae
332 2055 383 2092 neo
403 2039 492 2106 exilis,
515 2040 565 2094 sed
584 2056 617 2092 cx
636 2040 830 2094 communibus
849 2039 940 2093 verbis
961 2042 1047 2106 atque
1066 2040 1130 2094 ideo

112 2109 236 2164 latentis.
271 2114 305 2178 cf.
326 2111 465 2176 Weicbert‚
479 2117 563 2180 poett.
579 2112 654 2165 Latt.
668 2114 725 2166 rell.
740 2129 771 2179 p.
786 2115 849 2165 275.
884 2112 1010 2177 Ribbeck,
1024 2114 1130 2182 proleq.

112 2182 150 2234 aet
173 2183 249 2251 Verq.
269 2187 376 2250 p.100.
420 2183 452 2236 de
476 2185 605 2253 Aqrippa
626 2184 670 2237 bia
695 2183 872 2252 intelleqeneio
897 2199 954 2236 non
975 2185 1051 2236 nulli
1072 2185 1132 2237 une

112 2270 206 2320 causa,
225 2257 331 2322 opinor,
350 2255 479 2308 dubitant
495 2256 539 2323 (af.
556 2255 670 2322 Prosap.
687 2256 751 2322 imp.
768 2255 846 2308 Rom.
862 2256 888 2320 3,
902 2253 1057 2324 442s457);
1075 2256 1132 2321 fuit

113 2326 185 2378 enim
208 2328 231 2379 is
257 2326 311 2379 ‘uir
333 2327 484 2380 rueticitati
501 2326 619 2393 promor
641 2342 724 2393 quam
747 2326 874 2391 deliciis',
898 2331 929 2379 ut
952 2325 1067 2380 Plinius
1090 2328 1132 2380 uit

112 2398 149 2464 (n.
169 2398 194 2449 b.
214 2400 257 2463 35,
275 2399 332 2466 26).

186 2500 199 2547 1
218 2494 361 2562 viprauius

278 2751 556 2840 VIPSANIUS
590 2750 961 2838 PHILARGYRUS

185 2921 257 2974 Suet.
272 2923 329 2974 rell.
343 2939 374 2990 p.
391 2922 494 3002 13613.
522 2921 587 2988 post
606 2936 670 2973 eum
685 2919 836 3002 [Tironem]
853 2919 1131 3002 VipsaniusPhilar·

115 3008 200 3061 gyrus
225 2993 254 3045 et
272 2992 375 3059 Aquila
398 2991 516 3046 libertus
535 2991 707 3046 Maecenat1s
733 2991 803 3044 ahas
827 2991 1131 3062 [notas]add1derunt.

368 3249 645 3338 MAECENAS
681 3250 876 3354 AQUILA

178 3420 253 3478 Suet.
268 3421 326 3477 rell.
337 3437 368 3492 p.
382 3423 437 3476 136
447 3420 483 3476 R.
498 3445 532 3464 =
550 3419 625 3488 Vipa.
641 3419 764 3488 Philarq.
775 3423 799 3471 1.
825 3435 910 3485 praue
926 3420 1001 3473 Casa.
1017 3421 1078 3474 Dio
1091 3426 1134 3488 55,

94 3497 118 3559 7]
136 3499 160 3549 ὅ
176 3496 223 3568 (de
242 3497 423 3569 Maecenate)
443 3503 556 3567 πρῶτος
577 3489 680 3565 σημεῖά
695 3510 762 3546 τινα
779 3488 941 3559 qouppainu
959 3491 1031 3555 nobe
1048 3491 1135 3563 τάχος

80 3565 184 3640 ἐξεῦρε
204 3573 258 3629 καὶ
277 3571 358 3630 αὐτὰ
379 3571 433 3632 διὰ
456 3568 576 3630 {iudico
598 3561 795 3629 ἀπελευθέρου
816 3558 934 3626 onqoobi
950 3556 1101 3620 Manliana.
