2422 3840
348 184 385 237 M.
405 185 532 239 Valerius
551 184 683 238 Messalla
702 184 834 238 Corvinus
1036 184 1101 248 505

153 350 178 399 9.
201 346 253 399 Oia.
270 346 308 399 aei
321 346 403 399 Brut.
415 350 440 411 1,
455 349 529 412 15,1
549 343 710 397 Messallam
724 344 819 398 babes.
835 377 869 384 —
885 343 1100 412 eloquentia,

81 433 138 484 qua
156 416 326 470 mirabiliter
345 415 458 471 excellit
493 418 600 484 reliqua
623 418 778 470 testimonia
796 434 857 470 curn
874 418 1037 487 fracmentis
1055 433 1100 484 ap.

83 491 187 558 Meyer,
209 487 317 543 01311η
331 507 361 556 p.
377 492 433 542 507
441 505 480 556 sq.

154 575 196 622 10.
217 571 471 623 commentariorum
494 569 527 622 rle
550 569 616 621 bello
640 569 716 621 civili
737 568 894 638 fracmenta
917 568 994 637 apud
1012 570 1101 634 Peter,

82 642 117 694 H
119 639 198 695 RR’
211 659 241 708 p.
258 644 294 694 65
302 657 339 708 sq.
361 641 394 706 ef.
410 658 440 708 p.
455 639 630 693 LXXVIII
634 655 673 707 sq.

81 763 293 818 DOCTRINAE

82 928 110 979 P
127 854 310 991 ἰί11ῒριὲίπι.
332 859 357 920 1,
372 859 398 919 6,
414 858 450 908 42
479 852 605 923 gladiola
628 885 661 892 —
686 851 819 906 Messalla
843 851 923 905 dixit.
960 854 995 918 ef.
1020 854 1099 907 Asin.

109 942 175 978 oro
206 943 228 978 r.
266 970 270 979 .

154 1010 197 1060 12.
220 1006 311 1075 Quint.
328 1011 355 1072 8,
370 1010 396 1071 3,
411 1010 446 1060 34
464 1003 597 1058 Messalla
615 1005 722 1073 primus
740 1007 851 1057 reatum
870 1004 975 1074 [diuiti.

155 1091 196 1140 13.
217 1086 278 1140 Seu.
298 1089 465 1151 suas.2,17
484 1100 638 1154 cognomen
657 1084 709 1151 vel,
728 1087 760 1137 ut
778 1083 911 1138 Messalla
930 1085 979 1149 ait,
1000 1101 1101 1152 cogno·

82 1160 208 1282 menti?
216 1230 352 1298 Paratur.
378 1228 448 1282 Hor.
475 1245 552 1282 serm.
588 1232 734 1294 1,10,28
767 1226 870 1280 Pedius
898 1225 1045 1280 Publicola
1074 1228 1102 1279 et

82 1299 214 1352 Messalla
233 1300 303 1352 adso
319 1315 430 1352 curasse
450 1298 582 1352 dicuntur
595 1317 630 1352 ne
646 1297 753 1352 Graeca
767 1298 876 1351 Latinis
895 1297 986 1350 verbis
1004 1297 1101 1351 inmis-

82 1373 185 1437 cereni,
204 1373 237 1423 ut
250 1369 383 1423 Messalla
397 1370 504 1438 primus
521 1369 717 1423 funambulum
732 1369 842 1434 dixerit,
862 1385 897 1422 ne
916 1367 1101 1440 σχοινοβάτην

83 1442 196 1496 diceret.
217 1443 250 1507 ef.
271 1442 357 1496 Sahal.
379 1441 459 1510 Cruq.
479 1443 549 1496 Hor.
565 1442 631 1496 ibid.

155 1526 197 1575 15.
218 1522 279 1575 Seu.
298 1538 371 1575 suas.
385 1525 413 1587 2,
427 1525 465 1575 20
492 1522 642 1589 ‘quidquid
669 1522 705 1574 ad
732 1521 864 1574 adversae
891 1523 1030 1574 cessatum
1058 1522 1102 1573 esi

82 1594 194 1646 moenia
213 1592 325 1658 Troiae,
343 1594 355 1654 i
371 1591 500 1645 Hectoris
523 1593 689 1659 Aeneaeque
712 1609 798 1644 manu
821 1591 940 1644 victoria
960 1591 1104 1662 Graium]

83 1664 185 1716 haesii'
207 1662 301 1733 [Vera.
319 1666 388 1717 Aen.
405 1669 447 1728 11,
461 1664 584 1734 288sq.].
616 1662 750 1717 Messalla
770 1663 865 1716 aiebat
883 1663 929 1716 hic
944 1663 1103 1732 Vergilium

84 1735 214 1788 debuisse
234 1734 373 1788 desinere:
398 1734 474 1801 quod
493 1735 619 1801 sequitur
639 1735 679 1788 ‘si
697 1735 727 1787 in
746 1735 887 1788 decimum
906 1733 1027 1803 vestigia
1045 1737 1102 1787 ret-

83 1805 150 1857 tulit
169 1806 284 1858 annum’
306 1805 513 1874 explementum
532 1823 599 1860 esse.
637 1808 671 1873 cf.
692 1807 822 1872 Ribbeck,
841 1807 942 1877 malea.
963 1807 1001 1860 ad
1025 1807 1101 1875 Vera.

156 1961 199 2010 16.
219 1957 251 2011 de
266 1959 341 2012 Mar.
362 1958 429 2012 Viet.
441 1975 471 2026 p.
487 1962 513 2023 9,
528 1960 545 2010 5
566 1958 600 2023 cf.
617 1959 700 2012 Mess.
717 1959 811 2023 Rufus
824 1976 855 2026 p.
871 1960 933 2010 427.
968 1957 1102 2012 Messalla

83 2029 220 2083 rhetorum
239 2031 407 2084 existimator
427 2047 471 2097 ap.
491 2029 553 2084 Seu.
573 2036 690 2083 controv.
704 2033 732 2095 2,
746 2034 772 2095 4,
787 2034 813 2083 8.
835 2034 877 2082 10.

427 2245 463 2308 B.
487 2243 762 2310 FRAGMENTA

157 2385 228 2452 quoi
246 2384 382 2440 RSeboell
400 2386 459 2456 (lay.
475 2387 544 2439 XII
554 2387 608 2440 tub.
622 2403 649 2453 p.
665 2390 702 2440 36
716 2386 781 2438 adn.
795 2386 824 2453 2)
843 2386 982 2440 contendit
998 2388 1103 2455 scrirrta

84 2456 266 2524 arammatiea
281 2457 428 2511 Messallae
445 2457 561 2511 Oaroino
576 2475 594 2510 a
611 2456 785 2526 Quintiliano
795 2457 944 2526 uiuanma
954 2457 1103 2512 Messallae
1167 2484 1171 2492 ·

85 2529 201 2595 anemis
215 2543 277 2593 esse,
291 2528 359 2581 melu
372 2545 429 2581 non
438 2530 594 2596 persianum
608 2528 739 2596 quomodo
753 2529 825 2581 enim
838 2527 1029 2597 Quinctianae
1038 2529 1101 2582 dili·

84 2599 259 2667 9entissimus
282 2600 398 2666 scriptor
421 2601 586 2653 clarissimos
609 2601 671 2653 illos
688 2601 762 2653 viros
776 2601 966 2667 permiscuerit
983 2616 1040 2654 non
1058 2602 1102 2653 in-

84 2669 185 2738 telleyo,
204 2686 238 2722 ne
257 2669 346 2722 dicam
365 2670 442 2738 apud
461 2671 621 2725 Suetonium
640 2671 758 2724 eiusdem
776 2673 848 2724 cocis
867 2677 947 2737 atque
968 2671 1103 2725 Oebalium

84 2742 292 2809 oraminatieum
315 2749 341 2796 et
357 2741 489 2808 Nepotem
512 2747 648 2795 auctorem
671 2742 703 2794 in
720 2743 838 2810 epistula
859 2742 1006 2796 Coruinum
1029 2759 1102 2810 repe-

84 2813 145 2863 riri.
175 2818 199 2864 et
213 2819 292 2865 erant
304 2813 419 2878 fortasse
432 2813 579 2867 Massallae
594 2813 678 2867 libelli
690 2814 864 2882 qrammatiei
877 2814 909 2865 iu
922 2814 1103 2881 epistularum

84 2882 202 2947 formam
226 2883 332 2938 redacti
351 2885 460 2951 pariter
483 2902 516 2938 ae
538 2885 673 2938 Varronis
696 2884 792 2939 Sirmii
815 2884 908 2953 Valaii
933 2885 1103 2954 aliorumque

86 2955 137 3021 (nd.
158 2961 213 3008 test.
234 2957 303 3024 sea).

460 3062 507 3114 DE
533 3063 551 3116 S
570 3061 726 3115 LITTERA

160 3168 252 3237 Quint.
268 3174 293 3234 1,
309 3172 334 3235 7,
349 3173 385 3223 35
403 3169 467 3222 ideo
486 3170 578 3222 minus
592 3168 726 3223 Messalla
744 3169 860 3235 nitidus,
879 3169 946 3236 quia
965 3170 1103 3236 quosdam

85 3239 160 3291 totos
180 3239 291 3293 libellos
310 3257 367 3293 non
385 3240 476 3293 verbis
491 3241 584 3307 modo,
604 3241 653 3294 sed
672 3241 757 3293 etiam
776 3240 880 3294 litteris
900 3241 997 3296 dediti

584 3388 602 3441 1

154 3486 250 3562 quid?
291 3508 351 3548 non
380 3488 453 3548 Cato
480 3488 641 3551 Censorius
669 3490 776 3550 bisam
802 3492 837 3546 eb
860 3487 986 3542 traciam
1009 3479 1085 3563 ὅλῳ
1104 3475 1150 3560 J&

76 3576 153 3631 sm
166 3577 289 3651 Sffl'PSl'i
300 3571 372 3657 [ine.
386 3581 408 3639 5
411 3581 431 3640 5
438 3582 467 3643 J
465 3575 488 3664 ]
505 3583 708 3661 eundemque
720 3583 759 3639 in
773 3577 909 3645 cetenis„
918 3582 1006 3644 quae
1016 3548 1178 3613 {mmmm
