2422 3840
116 161 183 225 214
266 160 472 216 Grammaticos
492 161 593 215 aetatis
612 119 803 214 Varronianus
822 159 981 228 fragmenta

113 322 185 376 riam
200 320 341 376 corollam.
369 327 513 390 practerea
527 321 599 375 Suet.
613 321 671 375 rell.
682 339 712 390 p.
728 323 790 376 dR.
810 321 879 375 Isti.
890 338 928 375 or.
944 323 972 385 8,
982 323 1036 386 7,3
1053 323 1132 373 vates

115 410 131 447 a
146 393 172 446 vi
186 393 288 446 mentis
303 391 460 461 appellatos
472 391 557 446 Varro
572 393 669 446 auctor
683 393 734 458 est,
749 391 793 445 vel
808 408 824 445 a
838 391 946 444 viendis
961 390 1133 445 carminibus

113 465 144 518 id
163 466 207 518 est
224 463 382 528 flectendis,
401 464 455 518 hoc
474 464 517 516 est
534 462 722 529 modulandis,
742 465 770 517 et
789 462 907 532 proinde
925 463 1026 530 poetae
1045 461 1134 516 latine

114 537 193 589 vates
220 535 287 588 olim
314 536 342 588 et
368 534 474 603 scripta
499 551 594 589 eorum
625 533 762 589 vaticinia
793 534 972 598 dicebantur,
1004 534 1080 601 quod
1106 534 1133 587 vi

114 607 237 674 quadam
265 608 294 660 at
321 607 403 673 quasi
430 606 542 659 vesania
572 605 601 659 in
633 605 780 659 scribendo
806 606 1056 670 commoverentur,
1089 604 1134 658 vel

22 683 31 700 ·
114 678 189 746 quod
208 677 298 731 modis
317 677 402 731 verba
421 679 640 745 conectercntur,
659 677 733 731 viere
749 676 823 730 enim
838 675 948 744 antiqui
962 692 1013 745 pro
1028 676 1132 729 vincire

114 749 264 817 ponebant.
288 749 374 804 Sobel.
394 750 479 802 Beru.
499 765 562 817 opp.
582 749 621 802 ΙΙ
636 750 693 803 buc.
710 753 735 814 9,
751 753 785 802 34
804 750 881 801 vates
902 747 1041 813 dicuntur,
1060 747 1134 801 sicut

115 820 203 874 Verre
224 820 273 886 ait,
292 836 309 872 a
323 820 350 872 vi
364 820 467 872 mentis
486 819 516 872 id
531 821 574 873 est
588 819 623 872 ab
638 819 775 873 instinctu
790 819 901 886 mentis,
920 818 978 872 sive
993 834 1009 871 u
1024 817 1132 872 viendis

115 893 144 945 et
169 890 347 945 modulandis
373 891 557 956 carminibus,
586 891 610 944 si
633 891 747 958 quidem
769 890 844 944 viere
867 889 1009 960 significet
1027 888 1133 944 vincire

115 964 272 1028 conectere,
296 963 371 1016 unde
394 962 486 1015 vimen
509 964 538 1015 et
562 961 681 1015 viminea
699 978 767 1014 vasa
786 962 925 1016 dicuntur.
962 961 1035 1016 Seru.
1054 962 1132 1016 Duu.

115 1035 184 1089 Acu.
204 1037 234 1099 3,
252 1037 306 1087 443
333 1036 411 1087 vates
435 1050 452 1086 a
476 1033 502 1084 vi
528 1033 631 1086 mentis
661 1031 818 1100 appellatos
845 1033 934 1086 Varro
960 1034 1058 1086 auctor
1081 1034 1132 1085 est.

115 1107 149 1172 cf.
164 1106 233 1159 Isid.
248 1122 287 1159 or.
303 1109 388 1171 7,12,
404 1110 445 1158 15.
484 1104 586 1158 Auecct.
607 1106 645 1158 Η.
663 1122 691 1172 p.
705 1108 769 1170 223,
785 1109 810 1158 6.

186 1193 297 1262 antiqui
316 1193 462 1264 LSpeupel

602 1311 643 1366 67

182 1413 385 1492 Olympiam
408 1435 477 1474 non
499 1417 652 1474 accessit

188 1513 268 1568 Utar.
285 1518 426 1582 p.99,16
445 1519 489 1583 (=
504 1515 580 1567 Pliu.
600 1515 662 1568 dub.
682 1530 758 1568 serus.
775 1532 805 1582 p.
821 1517 866 1579 72,
885 1518 920 1568 35
930 1515 977 1583 Β.)
1001 1511 1134 1580 Olympia

116 1584 203 1639 Varro
223 1585 263 1639 ait
283 1617 316 1625 —
336 1586 371 1639 de
389 1585 540 1653 poematis:
561 1598 594 1638 01.
608 1610 655 1638 non
668 1610 715 1639 aec.

211 1798 259 1851 EX
278 1796 536 1852 HEBDOMADON
555 1798 626 1851 VEL
645 1797 834 1851 IMAGINUM
852 1770 969 1850 LIBRIS
988 1796 1039 1850 XV
1099 1824 1101 1827 ·

187 1940 256 1991 quac
274 1923 307 1976 de
325 1923 417 1977 iudole
439 1929 464 1976 ct
482 1923 578 1976 ordire
595 1923 678 1976 buius
700 1924 790 1990 operis
807 1923 957 1992 supecitate
970 1924 1135 1991 praesertim

115 1995 260 2048 Ritscbetii
277 2001 303 2048 et
316 1994 444 2048 Brmmii
457 1995 567 2064 copuitu
581 1999 646 2047 suut
659 1994 777 2063 (Ritscbt
790 2010 832 2062 op.
844 1997 870 2059 3,
880 1997 936 2048 508
941 1996 1000 2062 sp),
1018 1994 1050 2045 iu
1065 1995 1134 2047 Ptu'-

115 2066 202 2134 tolopc
217 2069 260 2131 13,
276 2068 372 2133 742sq.
397 2083 415 2119 u
429 2065 567 2120 Merckliu
584 2070 725 2119 coutructu
742 2066 914 2133 strictiusque
932 2065 1009 2132 apud
1026 2064 1134 2118 Scbuuz

115 2139 239 2205 suposita
266 2137 371 2205 (Gescb.
392 2137 417 2190 d.
438 2137 515 2190 Rd'm.
537 2134 609 2190 Lu!
627 2141 653 2201 1,
668 2138 731 2205 368)
760 2137 873 2190 iuceuis.
893 2137 1048 2206 frupueeutu
1073 2136 1132 2190 coll.

117 2208 315 2276 ObObappuis,
337 2209 436 2277 fraym.
456 2208 482 2261 d.
502 2224 613 2277 oucrup.
633 2208 666 2261 dc
684 2207 728 2261 M.
750 2208 808 2262 Ter.
830 2208 908 2260 Vorr.
932 2208 1056 2261 iutitute's
1078 2208 1133 2261 Lo·

114 2280 250 2348 pistorici,
269 2279 460 2333 Hebdomades
481 2280 523 2331 cet
541 2280 585 2333 Dc
602 2279 731 2347 imupiu,
754 2279 895 2345 deforma
911 2279 1009 2346 philos.
1038 2279 1135 2346 (Paris

116 2354 191 2403 1868
213 2367 242 2418 p.
265 2351 364 2419 87sq.).
402 2351 478 2418 apud
504 2351 630 2403 Plinium
653 2351 820 2403 luculeutum
843 2356 918 2404 eutut
942 2350 1134 2415 testimouium,

115 2421 306 2487 u.b.35,11:
330 2421 488 2490 imaginum
507 2437 629 2474 amorem
648 2419 781 2490 flagrasse
800 2420 942 2488 quondam
961 2421 1048 2473 testes
1068 2423 1135 2474 sunt

116 2491 227 2545 Atticus
251 2490 300 2545 ille
325 2491 464 2546 Ciceronis
488 2492 564 2545 edito
589 2492 623 2545 de
642 2491 678 2545 iis
696 2491 850 2559 volumine,
874 2491 910 2545 M.
931 2492 1026 2544 autem
1045 2491 1133 2546 Varro

115 2561 317 2632 benignissimo
342 2563 456 2617 invento
484 2563 598 2616 insertis
625 2562 798 2616 voluminum
826 2580 939 2616 suorum
964 2562 1134 2616 fecunditati

116 2635 358 2704 septingentorum
380 2633 532 2687 illustrium
558 2634 653 2702 aliquo
677 2635 758 2688 modo
781 2634 926 2688 hominum
951 2633 1134 2702 imaginibus,

116 2721 172 2757 non
195 2722 293 2774 passus
317 2705 485 2759 intercidere
507 2705 611 2776 figuras
630 2708 678 2759 aut
697 2707 867 2759 vetustatem
886 2705 948 2758 aevi
967 2706 1065 2758 contra
1083 2705 1133 2759 ho·

116 2776 206 2829 mines
224 2776 328 2841 valere;
348 2777 476 2830 inventor
493 2777 615 2829 muneris
630 2777 717 2830 etiam
731 2777 774 2830 dis
789 2776 929 2841 invidiosi,
948 2778 1061 2844 quando
1080 2775 1133 2829 im-

116 2847 278 2900 mortalium
297 2865 352 2901 non
372 2847 462 2902 solum
476 2848 564 2914 dedit,
583 2863 678 2900 verum
693 2847 779 2902 etiam
794 2848 823 2900 in
839 2847 928 2902 omnis
942 2851 1031 2902 terras
1046 2847 1133 2913 misit,

116 2919 149 2971 ut
167 2920 327 2987 praesentes
346 2935 406 2973 esse
424 2919 529 2986 ubique
548 2935 599 2973 ceu
619 2920 648 2971 di
666 2921 788 2988 possent.
812 2920 847 2986 cf.
862 2920 934 2975 Suet.
954 2920 1011 2973 rell.
1024 2936 1052 2986 p.
1068 2921 1131 2974 3R.

117 2991 243 3058 teusporis
259 2992 346 3045 Varro
364 2993 422 3059 ipse
440 2992 517 3059 apud
538 2991 656 3045 Gellium
675 2992 830 3060 (3,16,17)
848 2991 880 3043 iu
894 2992 963 3044 libro
978 2990 1133 3045 Hebdoma-

116 3061 182 3114 dum
196 3063 288 3130 primo
308 3069 470 3117 auctorest:
494 3064 555 3115 tum
573 3061 614 3115 ibi
634 3061 714 3115 addit
737 3077 897 3130 aequoque
920 3061 977 3115 iam
1000 3061 1132 3115 duodeci-

116 3148 189 3184 mam
215 3150 350 3186 annorum
372 3132 579 3186 hebdomadam
602 3132 759 3202 ingressum
783 3149 850 3186 csse.
886 3149 948 3187 cum
967 3134 1037 3186 euim
1058 3150 1133 3188 cuuc

117 3203 236 3274 63ss116
259 3211 343 3258 uatus
364 3206 413 3269 sit,
435 3205 559 3271 sequitur
581 3210 613 3257 ut
635 3221 709 3258 aureo
733 3204 788 3270 fere
813 3203 912 3274 715s39
931 3204 1031 3259 librum
1050 3206 1133 3258 istum

115 3277 310 3343 conscripserit.
348 3277 400 3330 buc
413 3277 550 3343 pertiuere
568 3276 676 3329 uidetur
693 3277 729 3342 fr.
743 3279 807 3329 298.
912 3319 914 3321 .

479 3436 519 3492 68
544 3429 579 3512 [3
605 3429 766 3513 Otuppuis]
1094 3512 1096 3514 Ψ

170 3541 220 3596 eb.
240 3541 274 3598 [ἶ
307 3541 347 3601 M.
374 3540 468 3601 Varro
487 3543 520 3600 in
539 3543 636 3620 primo
656 3533 692 3601 de
710 3540 906 3619 imaginibus,
923 3544 990 3599 uter
1011 3534 1132 3617 [Home-
