2422 3840
461 199 498 252 M.
518 197 665 252 Terentius
682 199 771 253 Varro
1058 198 1123 263 259

107 361 208 426 quarto
236 360 388 428 prudentes
417 358 528 413 differre
557 359 697 413 dixerunt.
734 359 822 413 Varro
850 357 1063 427 disciplinarum
1085 359 1123 414 V:

107 445 170 485 suus
188 449 222 485 sss
239 463 266 470 -
283 445 310 484 fir
330 447 413 485 consul.
450 433 568 501 despuet.
588 448 640 513 req.
665 431 757 486 061(
784 431 810 484 V
825 434 879 484 517
885 473 891 496 ,
913 434 951 486 22
977 433 1020 484 est
1039 430 1125 484 etiam

107 503 247 570 quaedam
270 502 426 556 obscuritas
449 503 479 554 in
499 502 638 555 adverbiis
662 501 784 555 secundo
802 501 886 556 tertio
905 503 1007 570 quarto
1026 502 1124 569 quinto

108 576 187 627 sexto
206 577 235 628 et
253 573 406 627 secundum
424 573 540 626 tertium
559 575 690 641 quartum
708 572 838 641 quintum
857 575 978 639 sextum,
1004 575 1037 626 ut
1055 575 1125 641 puta

109 644 243 698 ‘secundo
262 643 353 698 factus
372 646 416 697 est
434 643 542 698 consul'
563 647 591 699 et
612 643 776 697 ‘secundum
795 643 850 696 fuit
865 643 982 697 consul'.
1002 644 1124 698 secundo

108 719 203 769 autem
226 715 263 768 ad
285 715 412 769 ordinem
435 716 570 783 pertinet,
595 715 748 770 secundum
767 716 804 768 ad
823 731 981 782 numerum
1005 717 1125 784 utputa

108 804 172 841 cum
191 786 254 841 dico
276 787 409 840 ‘secundo
428 786 520 840 fectus
539 788 582 839 est
601 785 719 854 consul’,
738 786 869 854 pertinet,
888 789 921 839 ut
940 787 1007 853 dixi,
1027 788 1063 841 ad
1082 805 1125 841 or-

108 858 216 923 dinem,
241 857 317 925 quod
334 858 425 926 primo
445 857 517 911 alter
535 857 627 912 faetus
647 858 684 911 sit
703 860 732 911 et
750 857 791 911 sic
810 857 882 912 alter
901 859 1035 924 secundo,
1062 875 1125 912 cum

108 932 203 984 autem
227 929 346 982 dicimus
371 929 524 982 secundum
548 927 645 982 consul
668 929 712 982 vel
734 929 849 983 tertium
868 929 912 982 vel
931 931 1063 997 quartum
1081 929 1125 982 vel

108 1000 238 1068 quintum
257 999 302 1054 vel
321 1002 443 1066 sextum,
463 1000 499 1053 ed
518 1016 664 1053 numerum
682 1001 819 1069 pertinet,
838 1000 914 1068 quod
932 1001 1021 1054 sexies
1040 1001 1127 1055 fuerit

108 1071 213 1124 consul.
250 1071 317 1124 inde
345 1069 441 1126 Cicero
469 1072 504 1125 de
532 1071 622 1124 Mario
650 1071 691 1124 sic
719 1071 760 1125 ait
787 1071 830 1142 [in
848 1073 906 1126 Pis.
926 1073 974 1143 20]
1005 1072 1126 1125 ‘sextum

109 1142 227 1210 oonsul’,
245 1142 276 1195 id
295 1144 338 1196 est
356 1143 406 1212 qui
420 1160 468 1195 sex
482 1142 643 1196 consulatus
657 1144 768 1210 meruit,
787 1144 817 1195 et
831 1143 993 1212 ‘septimum
1008 1143 1126 1212 consul',

108 1214 183 1281 quod
207 1215 250 1266 est
273 1213 377 1282 septies
402 1213 578 1267 consulatum
601 1214 710 1267 meruit.
753 1214 806 1268 hoc
830 1212 917 1268 Varro
941 1214 1072 1268 distinxit
1096 1214 1126 1267 in

107 1284 188 1339 libris
206 1300 393 1338 numerorum.
429 1286 464 1351 cf.
484 1286 591 1340 Ritsehl
609 1303 651 1354 op.
667 1290 693 1351 3,
707 1289 769 1339 363.

182 1399 195 1445 1
216 1393 245 1445 et
264 1391 341 1445 aliud
359 1394 443 1446 Rern.
464 1394 499 1460 (et
511 1391 588 1447 codd.
604 1379 652 1447 ΑΔ
668 1393 768 1461 Nonii)
788 1395 816 1446 et
834 1394 934 1460 reliqui
952 1392 1030 1446 aliud
1049 1394 1125 1447 codd.

108 1469 155 1535 ΒΑ
173 1482 265 1536 Nocti
353 1486 368 1533 2
388 1480 464 1548 quod
483 1497 533 1535 orn.
553 1483 665 1537 Nostius
736 1534 738 1536 ,
764 1487 779 1533 2
799 1489 824 1536 et
842 1489 857 1534 3
877 1481 971 1551 signif.
991 1483 1065 1536 Nos.
1086 1483 1126 1536 bie

110 1557 125 1605 3
147 1553 176 1605 et
193 1553 251 1605 tres
270 1553 344 1606 Noa.
417 1551 554 1620 templum
573 1554 670 1623 Recta.
691 1557 763 1607 1646
787 1553 859 1608 Voss.
875 1554 940 1606 Lat.
956 1553 987 1606 F
1002 1558 1056 1608 112

580 1722 646 1779 219

176 1846 195 1902 t.
220 1844 312 1903 VIII,
358 1846 502 1920 vesperi
536 1864 604 1903 non
637 1845 776 1918 videre,
813 1864 900 1920 quos
938 1846 1128 1921 appellant

108 1935 285 1992 lusciosos

181 2042 255 2094 Noa.
279 2057 307 2108 p.
328 2045 390 2106 135,
410 2045 428 2093 9
450 2039 578 2105 lusciosi‚
604 2040 653 2107 qui
676 2041 712 2093 ad
738 2040 881 2094 lucernam
904 2057 960 2094 non
983 2041 1080 2095 vident
1099 2044 1127 2094 et

110 2112 221 2181 μκύωπες
239 2113 375 2165 vocantur
395 2111 540 2182 [vocentur
558 2111 647 2182 codd]
667 2129 684 2165 a
702 2111 823 2166 Graecis.
857 2113 946 2166 Varro
965 2112 1126 2181 disciplina·

109 2201 171 2237 rum
188 2182 238 2236 lib.
253 2182 330 2236 VIII:
350 2197 437 2244 vesperi
450 2214 477 2221 -
490 2197 603 2237 lusciosos.
627 2185 661 2249 cf.
681 2183 764 2239 Paul.
785 2184 857 2238 Far.
873 2203 902 2254 p.
920 2188 982 2250 120,
998 2189 1040 2238 17.
1066 2187 1126 2240 Aet.

109 2256 170 2310 Stil.
189 2257 225 2322 fr.
245 2257 290 2307 24.
319 2256 389 2307 Aur.
412 2253 461 2323 Op.
480 2255 516 2319 fr.
534 2259 575 2307 10.
605 2254 652 2308 At.
672 2255 745 2309 Post.
764 2257 799 2321 fr.
815 2261 839 2308 4.
871 2256 1090 2322 6211211.

585 2424 650 2482 220

176 2547 216 2606 Μ.
240 2547 336 2605 Varro
367 2549 399 2604 in
428 2546 513 2606 libris
546 2548 771 2622 disciplinarum
803 2548 923 2623 scripsit
955 2547 1127 2608 observasse

110 2655 173 2696 sese
191 2639 224 2694 in
242 2655 330 2695 versu
348 2637 528 2712 hexametro,
553 2637 632 2711 quod
651 2637 732 2694 omni
750 2636 838 2695 modo
860 2639 981 2711 quintus
1001 2639 1127 2713 semipes

110 2725 234 2784 verbum
263 2725 364 2782 finiret
387 2728 417 2783 et
440 2725 519 2799 quod
546 2727 660 2801 priores
685 2726 815 2800 quinque
843 2725 1005 2801 semipedes
1033 2745 1127 2800 aeque

111 2833 251 2891 magnam
288 2816 350 2872 vim
386 2813 530 2872 haberent
566 2816 597 2871 in
636 2813 789 2872 efficiendo
827 2833 913 2873 versu
951 2818 1041 2891 atque
1074 2817 1128 2873 alii

111 2905 289 2978 posteriores
309 2906 430 2978 septem,
448 2904 539 2978 idque
557 2905 655 2978 ipsum
669 2904 786 2962 ratione
800 2903 930 2978 quadam
948 2906 1153 2981 geometricas

110 2991 176 3050 fieri
198 2992 326 3050 disserit.

185 3099 403 3164 (12112111
423 3098 453 3152 in
471 3098 563 3168 longis
582 3098 717 3163 versibus,
744 3098 793 3166 qui
811 3099 966 3153 hexametri
984 3103 1127 3166 vocantur,

111 3171 181 3223 item
203 3170 234 3222 in
257 3170 374 3223 senariis
397 3170 655 3223 animadverterunt
682 3170 791 3224 metrici
814 3171 919 3239 primos
939 3171 1008 3225 duos
1032 3172 1127 3239 pedes,

110 3242 180 3294 item
199 3242 335 3294 extremos
356 3241 424 3295 duos
443 3240 547 3294 habere
566 3241 691 3309 singulos
710 3259 791 3309 posse
809 3242 933 3312 integras
953 3244 1047 3310 partes
1066 3259 1127 3296 ora-

110 3311 206 3378 tionis,
225 3311 331 3366 medios
351 3312 421 3365 haut
439 3328 571 3379 umquam
589 3329 679 3380 posse,
700 3313 748 3367 sed
768 3315 895 3367 constare
909 3330 955 3368 eos
970 3329 1080 3382 semper
1094 3331 1128 3366 ex

110 3383 203 3436 verbis
222 3385 272 3436 aut
291 3383 387 3436 divisis
407 3387 457 3438 aut
474 3383 570 3437 mixtis
589 3386 674 3452 atque
698 3383 827 3438 confusis.
864 3399 895 3438 rr.
915 3385 1003 3438 etiam
1018 3399 1142 3436 imm

110 3468 309 3508 nans-orsam
327 3455 514 3521 haecfortasse
524 3456 698 3525 acquietum
708 3457 982 3526 tibrstosperttaeat3
992 3452 1160 3520 cffitssdst

111 3543 154 3594 op.
174 3529 199 3590 3,
218 3530 279 3579 380.
317 3527 461 3596 Merelcls'n,
490 3527 584 3585 Flecte.
615 3530 735 3588 Jahrbt.
765 3530 862 3604 sappi.
887 3533 906 3585 3
927 3528 1030 3597 ilssssQ
1055 3538 1088 3588 p·
1105 3520 1141 3569 ὃἿ
1150 3520 1181 3564 1·

101 3596 288 3648 Krdrsehmer·
301 3597 366 3650 c'br'd.
376 3617 407 3668 p.
424 3605 450 3654 o'.
468 3606 506 3657 50
513 3619 555 3675 sq.
560 3625 571 3673 ,·
592 3623 779 3677 quemquam
792 3605 891 3663 oerb'ee
909 3599 1038 3653 satisne
1057 3584 1204 3655 mmm*

904 3689 966 3747 U*
