2422 3840
438 160 475 214 M.
495 161 642 215 Terentius
661 160 749 216 Varro
1035 162 1101 227 225

512 332 553 388 99
579 322 672 409 [999]

150 454 186 512 in
219 455 348 529 quibus
384 455 552 531 partibus
588 454 624 512 in
661 435 883 531 argumentis
917 455 1100 516 Caecilius
1129 493 1132 500 -

81 545 203 620 poscit
225 544 392 619 palmum,
414 544 450 600 in
474 544 614 602 ethesin
638 544 841 619 Terentius,
866 543 902 602 in
928 545 1101 603 sermoni·

80 632 146 692 bus
169 632 330 691 Plautus.

154 731 230 784 Non.
244 746 276 799 p.
296 734 357 796 374,
372 734 389 784 5
412 746 541 799 poscere,
567 730 704 799 occipere.
740 729 829 784 Verre
858 730 1044 786 Parmenone:
1072 747 1081 786 1

79 816 165 867 quiem
177 833 206 840 -
218 815 316 855 mutus.
335 802 369 867 es.
389 801 424 866 fr.
444 806 480 856 40
498 807 523 855 99
538 802 609 856 Volo.
629 801 718 872 Scdiy.
737 802 775 868 fr.
791 807 815 856 1.

499 919 564 974 999
588 910 681 994 [999]

149 1040 246 1100 Varro
269 1040 301 1098 in
323 1039 580 1117 cynodidesculico
604 1039 784 1099 Phalaecion
813 1045 956 1100 metrum·
969 1043 1100 1101 ionicum

79 1131 252 1190 trimetmm
276 1128 417 1205 appellet.

155 1228 230 1284 oceo
250 1229 332 1282 Base.
352 1229 384 1282 99
402 1234 477 1282 mur.
494 1244 523 1294 p.
541 1231 657 1293 261,13
681 1228 781 1296 quinte
804 1227 904 1283 divisio
928 1230 972 1282 999
995 1229 1100 1284 hende-

80 1298 220 1368 ccsyllebi
243 1299 297 1380 999
320 1298 460 1367 exemplo:
482 1298 588 1352 ‘cestee
606 1297 732 1352 Pierides
750 1315 850 1352 novem
868 1300 997 1354 sorores'.
1035 1317 1100 1354 nem

79 1370 236 1425 secundum
249 1369 370 1439 primum
389 1369 544 1439 spondeum
556 1369 678 1423 insertus
692 1368 758 1424 huic
776 1369 1013 1440 hendecasyllabo
1033 1387 1100 1425 999-

80 1441 229 1512 [9999999
220 1441 345 1495 ionicum
368 1441 516 1495 sotadeum
539 1439 610 1495 fucit
633 1440 686 1494 sic:
726 1441 832 1495 ‘caetae
851 1437 956 1496 dociles
974 1442 1099 1498 Pierides

79 1529 182 1568 novem
198 1512 326 1567 sorores'.
350 1529 385 1566 ex
391 1529 453 1595 'quo
472 1529 528 1565 non
547 1513 590 1565 999
604 1511 764 1565 mirandum
778 1511 854 1581 quod
868 1527 926 1567 Vm
890 1539 981 1568 cur-0
995 1529 1101 1597 comunt,

78 1584 226 1653 quidum'
218 1583 342 1637 1onicum
360 1583 504 1636 minorem
536 1584 640 1638 ierem
661 1583 758 1637 Maur.
777 1601 801 1638 9
820 1587 937 1653 283399.
972 1588 1001 1638 99
1019 1585 1100 1653 quin-

81 1656 143 1709 tam
162 1655 284 1709 breviter
301 1657 397 1708 tomen
415 1653 570 1722 loquemur.
587 1655 601 1725 J
618 1655 814 1723 spondeum'
792 1673 814 1708 s1
834 1654 949 1722 quidem
974 1656 1049 1710 inter
1072 1660 1101 1710 ct

81 1726 236 1780 secundum
247 1727 261 1798 J
272 1743 356 1794 quem
374 1725 429 1780 scis
448 1723 580 1792 dactylon
600 1724 646 1778 hic
665 1725 753 1779 solere
767 1725 845 1795 poni,
857 1725 907 1796 Jsi
920 1727 1018 1779 trudes
1033 1744 1099 1781 une·

78 1798 227 1867 9999999·
219 1813 395 1866 msercsque,
412 1796 542 1868 Jiunges
563 1797 668 1863 cetere,
692 1797 749 1849 ium
769 1796 904 1850 videbis'
896 1815 1009 1869 1psum
1008 1797 1019 1856 l
1035 1815 1100 1851 cou-

82 1871 163 1952 sueto
176 1869 249 1938 pede
264 1867 387 1923 Sedeten
400 1868 538 1922 locutum.
532 1866 576 1940 ·J‘
580 1884 692 1921 carmen
700 1867 1072 1922 Pieridesdebuntsorores'
1075 1883 1100 1941 .J

78 1939 106 1998 si
125 1939 219 1994 dicem
238 1939 499 2009 (1999999ζρ91999
518 1941 561 1993 999
579 1939 713 2008 profecto,
730 1938 835 2010 anod
854 1939 891 1992 sit
908 1955 958 2008 per
978 1956 1100 2020 999999-

81 2012 154 2066 stus:
178 2011 270 2066 insero
294 2027 359 2080 ergo
377 1983 534 2082 'Jspondec
558 2010 682 2064 medium
707 2012 792 2078 etque
818 2009 1001 2080 consequenti
1016 2013 1030 2082 J
1045 2012 1100 2065 hoc

79 2098 184 2137 nomen
204 2082 353 2151 ‘lepidae’‚
376 2083 408 2134 fit
426 2097 508 2136 omne
525 2081 596 2135 telc:
622 2082 747 2135 ‘carmen
769 2080 881 2150 lepidae
899 2082 1024 2136 Pierides
1048 2082 1099 2135 99-

82 2151 155 2207 bunt
169 2154 297 2208 sorores’.
311 2156 323 2224 J
335 2153 440 2207 idcirco
455 2169 543 2223 genus
557 2153 611 2207 hoc
625 2151 857 2224 PhalaeciorumJ
864 2152 906 2206 vir
920 2153 1099 2208 doctissimus

80 2225 278 2292 undecumque
291 2224 380 2278 Verso
395 2225 409 2297 J
426 2223 462 2278 99
481 2224 574 2294 legem
592 2223 722 2293 redigens
742 2223 896 2279 ionicorum
907 2224 922 2296 J
932 2224 999 2278 hinc
1016 2227 1098 2280 natos

78 2296 124 2350 999
143 2312 212 2361 9999,
232 2297 281 2349 999
300 2297 428 2350 minores.
448 2297 486 2349 id.
505 2313 528 2350 9.
548 2300 667 2364 288299.
696 2311 749 2349 nec
767 2295 868 2348 mirum
887 2298 966 2364 pute,
985 2297 1098 2364 quando

81 2365 171 2420 Varro
198 2383 294 2420 versus
319 2368 332 2438 J
357 2367 422 2434 hoe,
449 2369 483 2419 ut
506 2367 639 2433 diximus,
669 2382 702 2419 ex
724 2367 790 2420 Ione
813 2368 894 2419 99999
912 2367 925 2435 J
941 2367 1099 2437 distinguet

82 2454 198 2491 numero
220 2437 325 2508 pedum
347 2439 476 2492 minores.
514 2438 549 2504 cf.
569 2440 746 2504 Lachmann,
769 2439 873 2492 Terent.
894 2439 991 2493 Mam.
1007 2441 1097 2507 praef.

77 2526 108 2579 p.
119 2509 186 2564 XV.
211 2510 289 2575 Wcii,
303 2511 394 2564 rucei.
409 2510 522 2564 999999.
533 2514 568 2564 95
588 2512 682 2578 (1867)
696 2527 727 2578 p.
742 2513 804 2564 132.
829 2509 1018 2575 9799999999,
1037 2511 1099 2564 Μέ-

77 2581 176 2651 tcnqec
194 2580 265 2634 999
283 2586 357 2635 1999
371 2600 401 2650 p.
416 2585 478 2634 453.

278 2829 325 2882 EX
344 2831 640 2884 ΛΟΓΙΣΤΟΡΙΚΩΝ
654 2828 770 2881 LIBRIS
789 2827 901 2882 LXXVI

154 2955 186 3008 99
200 2957 413 3010 mitratorum
427 2955 559 3009 tetrorum
572 2954 606 3019 cf.
624 2954 729 3008 Bitschi
742 2970 784 3022 op.
801 2957 826 3019 3,
840 2957 935 3022 4038q.
971 2953 1097 3008 LMerk·

77 3026 132 3091 999,
151 3026 251 3080 Philet.
266 3029 310 3092 13,
326 3030 423 3094 72999.
446 3027 602 3096 fracmenta
625 3026 787 3095 9999999999
810 3025 889 3079 Riese
912 3032 937 3078 99
957 3025 1097 3093 09999999

78 3097 148 3151 atie.
168 3098 351 3167 neutericum
369 3097 504 3152 Securum
522 3114 608 3168 99999
626 3097 815 3150 collocavimus
829 3113 858 3164 p.
873 3100 936 3150 217.

420 3250 482 3305 101
509 3221 758 3325 [9551119999]

118 3424 119 3427 ,
149 3375 195 3431 999
212 3373 295 3431 natio
314 3372 468 3431 hominum
485 3374 570 3429 iuxta
590 3390 695 3448 agrum
714 3370 938 3429 Praenestinum
957 3370 1010 3444 qui
1028 3367 1097 3427 Our-

76 3461 174 3521 :titani
195 3465 340 3521 vocentur
362 3458 420 3519 ἀπὸ
443 3468 502 3518 τῶν
525 3459 758 3540 9999999999
779 3459 828 3520 rei
848 3457 1113 3519 meministine

76 3549 113 3610 in
134 3550 304 3626 lcffismmco
326 3550 380 3625 q'ui
399 3550 577 3611 inscribitur
600 3551 720 3614 Murius
744 3551 785 3614 de
806 3553 950 3613 iortuuu.

119 3653 283 3694 (imatione
299 3656 420 3699 Romanae
438 3662 578 3712 reuomente
599 3669 638 3710 ed
657 3669 801 3711 Pusnrorn
880 3659 920 3707 ib
