2422 3840
509 162 537 217 G.
557 163 681 217 Lucilius

526 335 568 391 49
593 327 664 411 [aa]

128 455 304 516 Graecum
339 459 390 530 te,
432 455 580 531 Albuci,
623 475 725 532 quam
761 458 955 516 Romanum
997 459 1105 532 atque

889 547 1072 621 Sabinum,

129 635 347 710 municipem
369 634 489 707 Ponti,
514 635 671 709 Tritani,
695 636 958 710 centurionum,

130 724 400 798 praeclarorum
444 725 626 783 hominum
671 743 710 783 ac
755 724 952 800 primorum
997 726 1105 802 signi·

887 815 1082 889 ferumque,

129 900 296 960 maluisti
320 900 400 961 dici.
446 919 573 980 graece
597 921 680 979 ergo
703 903 851 978 praetor
874 902 1040 977 AtheniS,

129 989 167 1048 id
186 989 280 1065 quod
298 992 476 1066 maluisti,
499 993 547 1066 te,
571 1009 647 1049 cum
667 991 709 1051 ad
728 1011 779 1049 me
798 992 952 1066 accedis,
971 992 1104 1051 saluto:
1134 1011 1145 1051 s

128 1080 271 1153 chaere,
307 1081 463 1155 inquam,
497 1081 587 1139 Tite.
642 1080 805 1157 liotoreS,
842 1084 960 1140 turma
992 1081 1105 1140 omnis

889 1170 1104 1245 chorusque:

128 1253 288 1333 ‘chaere
321 1253 421 1318 Tite?
468 1259 551 1317 hinc
581 1259 698 1317 hostis
728 1260 776 1317 mi
802 1257 991 1332 Albucius,
1022 1259 1105 1317 hinc

888 1348 1066 1406 inimicus

157 1444 211 1499 oa.
232 1445 264 1500 dc
281 1446 329 1512 fia.
346 1451 370 1511 1,
384 1451 402 1500 8
420 1461 464 1499 res
479 1461 543 1499 vero
557 1445 645 1500 bonas
664 1446 756 1500 verbis
771 1446 868 1499 electis
887 1447 1011 1514 graviter
1025 1462 1105 1500 orna·

79 1520 171 1583 teque
195 1516 285 1570 dictas
309 1517 371 1584 quis
394 1533 451 1570 non
469 1516 566 1586 legat?
599 1518 654 1570 nisi
673 1519 722 1584 qui
741 1534 770 1571 se
789 1517 874 1584 plane
893 1517 1029 1572 Graecum
1048 1516 1106 1569 dici

80 1587 167 1655 velit,
190 1589 222 1640 ut
245 1604 262 1640 a
286 1585 419 1642 Scaevola
442 1589 485 1642 est
508 1589 637 1657 praetore
660 1589 799 1642 salutatus
822 1589 941 1641 Athenis
960 1588 1104 1642 Albucius.

82 1675 169 1728 quem
193 1659 307 1726 quidem
328 1658 421 1712 locum
445 1677 509 1712 cum
531 1659 621 1712 multa
643 1662 791 1714 venustate
809 1661 838 1712 et
857 1660 933 1713 omni
952 1659 1010 1712 sale
1029 1659 1105 1712 idem

81 1729 222 1796 Lucilius,
251 1730 326 1798 apud
354 1746 438 1797 quem
464 1730 608 1799 praeclare
637 1730 783 1785 Scaevolaz
813 1744 922 1784 Graecum
941 1762 975 1770 -
994 1745 1105 1784 inimicus.

80 1805 267 1858 litteratorum
295 1803 381 1870 place
410 1802 577 1856 Graecorum
604 1803 719 1856 iasaac'a
746 1803 833 1870 lepide
861 1803 1030 1872 obiarpatwr.
1073 1803 1106 1855 de

80 1875 262 1930 collocatione
280 1874 315 1939 cf.
330 1873 365 1939 fr.
381 1876 425 1926 47.

157 1967 174 2014 2
201 1961 293 2030 pontii
383 1961 494 2015 tritanii
522 1964 615 2017 Palot.
635 1966 707 2016 m.2
733 1963 852 2032 Erloap.
880 1962 993 2015 tritunii
1018 1963 1104 2016 Vatia

81 2033 186 2087 tiranii
200 2034 293 2086 Palat.
307 2050 341 2087 m.
359 2039 382 2087 1.
458 2039 556 2087 boare
572 2035 690 2105 Erlaap.
756 2034 909 2100 cohorsque
924 2035 1107 2088 PMaaatius

83 2105 179 2158 ⁷cite
204 2105 289 2158 Vatic.
381 2104 428 2156 hic
447 2105 755 2176 Palat.m.1Erlaap.
782 2106 861 2159 Votic

503 2344 546 2403 50
570 2339 685 2423 [aar]

130 2468 211 2543 quis
242 2468 334 2527 hunc
367 2487 509 2528 currere
542 2488 666 2544 equom
698 2487 760 2528 nos
793 2472 901 2544 atque
939 2471 1105 2544 equitare

888 2558 1060 2631 videmus,

130 2646 188 2706 his
207 2647 352 2722 equitat
375 2647 568 2722 curritque.
607 2648 722 2705 oculis
742 2648 908 2722 equitare
931 2647 1105 2705 videmus:

131 2754 215 2812 ergo
239 2735 354 2794 oculis
379 2737 529 2810 equitat.

161 2851 228 2906 Gal.
248 2856 298 2917 18,
318 2856 349 2917 5,
367 2856 385 2906 8
407 2851 541 2920 pleraque
564 2853 639 2906 enim
662 2853 787 2904 veterum
810 2853 888 2904 aetas
912 2853 941 2904 ct
963 2850 1106 2904 hominem

83 2939 159 2991 equo
186 2921 356 2976 insidentem
375 2924 403 2976 et
427 2939 529 2990 equum
548 2923 597 2990 qui
620 2921 789 2976 insideretur
812 2923 936 2989 equitem
961 2923 1105 2987 dixerunt3

82 2996 236 3063 propterea
257 2995 384 3061 equitare
402 2994 502 3061 etiam,
526 2994 602 3060 qued
619 2993 734 3046 verbum
753 3009 768 3046 e
787 2992 922 3047 vocabulo
941 2993 1044 3060 equitis
1063 2994 1106 3044 in-

84 3066 224 3120 clinatum
243 3068 293 3130 est,
314 3068 342 3118 et
356 3065 439 3119 homo
454 3082 524 3132 aquo
539 3067 620 3118 utens
636 3066 664 3117 et
679 3080 766 3131 equus
781 3063 832 3117 sub
847 3064 960 3119 homine
974 3065 1105 3134 gradiens

82 3137 242 3190 dicebatur.
283 3136 406 3190 Lucilius
431 3136 501 3190 adeo
519 3136 562 3188 vir
585 3136 712 3203 adprime
735 3135 850 3204 linguae
873 3135 990 3189 Latinae
1015 3136 1105 3189 sciens

83 3225 191 3276 equum
214 3207 341 3274 equitare
360 3207 431 3261 dicit
449 3207 493 3260 his
512 3206 649 3261 versibus:
674 3221 724 3268 quis
738 3238 772 3247 -
786 3222 878 3269 equitat.
911 3207 985 3261 Noa.
996 3225 1026 3274 p.
1043 3212 1106 3272 106,

83 3284 120 3334 31
141 3278 269 3346 equitare
288 3295 399 3346 quoque
417 3278 540 3331 Lucilius
560 3293 640 3331 ccum
659 3278 736 3341 dicit,
757 3294 820 3330 cum
839 3277 1011 3331 sithominis
1027 3293 1106 3330 ecum

84 3352 194 3422 [secum
208 3351 297 3421 codd]
315 3349 478 3404 insidentis:
494 3364 543 3412 quia
557 3381 590 3388 -
606 3364 683 3402 ocum.
712 3350 836 3403 Macrob.
853 3354 879 3414 6,
894 3354 919 3414 9,
935 3353 967 3402 11
982 3347 1105 3402 Lucilius

84 3436 209 3489 namque
234 3420 276 3474 vir
303 3421 430 3489 adprime
458 3419 572 3488 linguae
600 3420 718 3473 Latinas
746 3420 819 3474 scius
847 3436 956 3488 equum
982 3419 1117 3487 auditam

84 3493 156 3546 dicit
182 3491 235 3546 hoc
260 3508 353 3548 versu:
381 3507 481 3560 nempe
504 3507 566 3548 nuno
580 3524 614 3534 -
630 3507 742 3551 cccmus.
781 3495 978 3567 sophistarum
1005 3490 1136 3559 ineptius

78 3570 190 3631 poema
205 3563 325 3615 dandae
341 3564 476 3619 satellem
491 3565 628 3642 Scoliper.
663 3568 702 3640 cf.
717 3589 743 3628 c.
760 3575 835 3629 1117
859 3571 925 3627 Mo.

122 3656 285 3695 ammaricus
301 3659 422 3703 hmanas
438 3665 580 3718 fragments
600 3675 641 3717 ed.
662 3677 807 3720 Passioni
910 3669 930 3717 4
