2422 3840
85 147 128 210 52
267 145 474 198 Grammaticos
494 144 742 199 antevamoniauae
761 144 921 214 fragmenta

86 308 158 362 0000
179 308 266 361 Varro
285 308 317 359 iu
331 305 555 373 Antiquitatibus
572 312 597 359 et
614 322 666 358 rer.
685 312 753 359 rust.
773 306 859 371 libris
880 305 973 359 Cicero
993 306 1110 362 Plinius

84 378 232 433 Suetonius
253 377 365 432 Gellius.
398 376 432 442 cf.
453 377 535 430 etiam
553 383 610 431 test.
631 381 655 429 6.

157 462 184 512 2.
212 459 310 512 Aelius
323 457 382 510 siue
396 457 461 510 alies
475 457 706 525 appellationibus
719 463 883 511 memoratus
895 457 1110 525 0001000000ιο

83 546 186 598 semper
208 529 286 596 apud
310 529 459 582 Varronem
482 529 513 580 in
536 529 615 581 labris
636 527 680 581 De
704 528 720 581 l.
741 528 806 582 Lat.
829 534 854 581 et
877 529 1001 581 Paulum
1020 529 1109 594 Festi,

84 603 196 669 saepius
214 600 291 668 0000
309 599 462 653 Ciceronem
475 599 589 652 Festum
608 600 652 666 (of.
668 599 813 664 RScboell,
833 600 880 669 leq.
896 599 963 652 XII
979 599 1036 653 tab.
1051 600 1108 654 rell.

81 689 111 740 p.
121 675 160 726 26
165 688 214 740 sq,
233 671 417 724 Reitzenstein
433 671 506 723 Verr.
523 670 636 724 Forsct.
648 687 677 739 p.
688 671 780 739 8800.)
798 670 925 736 Gellium,
938 671 1013 725 00600
1025 672 1110 725 cnam

86 743 165 811 apud
199 742 405 812 Quintilianum
436 742 605 796 Frontonem
637 741 793 795 Arnobium
825 742 949 796 Seruium
981 742 1110 797 Nonirms

83 815 225 868 Isidorum
243 814 421 867 Priscianum
435 811 478 880 (i).
511 813 545 878 cf.
566 814 625 867 Ael.
645 813 718 866 Gall.
738 813 774 878 fr.
789 817 826 867 28
845 814 930 878 infra.
966 813 1107 868 ‘Laelius'

83 888 166 960 cnam
184 886 363 939 librariorum
381 889 471 937 errato
490 885 629 937 inuenitur
642 900 696 951 pro
717 884 761 937 ‘L
782 884 900 937 Aelius’.

157 968 182 1018 3.
206 964 279 1019 Suet.
308 964 340 1017 de
367 980 480 1033 qramm.
504 967 524 1017 2
565 965 608 1032 (eu
637 965 769 1032 Varrone)
805 961 903 1016 Aelius
940 964 1109 1032 cognomino

86 1033 194 1104 duplici
212 1033 280 1101 fuit3
303 1051 370 1087 nam
389 1035 417 1086 et
436 1033 632 1100 Praeconinus,
652 1033 727 1101 quod
745 1035 827 1102 pater
846 1033 906 1088 eius
924 1035 1109 1102 praeconium

85 1105 204 1170 fecerat,
227 1105 380 1159 vocabatur
398 1108 427 1158 et
446 1104 531 1172 Stilo,
556 1105 630 1172 quod
652 1103 792 1159 orationes
810 1104 987 1160 nobilissimo
1007 1106 1110 1174 cuique

85 1177 207 1230 scribere
233 1176 349 1231 solebat.
387 1177 420 1230 cie
445 1176 617 1231 Praeconiuo
644 1177 679 1242 cf.
706 1182 800 1231 test9
827 1184 852 1231 et
875 1176 963 1231 Varro
990 1178 1028 1244 fr.
1044 1182 1108 1232 363.

86 1250 195 1303 ‘Aelius
213 1250 294 1304 Stilo'
314 1255 494 1316 uunoimatur
508 1250 667 1316 pinumque
685 1250 730 1302 alle
749 1267 768 1303 a
786 1249 877 1303 Festo.

158 1332 182 1382 4.
210 1328 281 1383 Suet.
306 1329 338 1382 de
362 1331 514 1398 9000002
543 1329 587 1395 (aa
613 1327 746 1396 Varrone)
771 1327 801 1381 L.
821 1327 918 1381 Aelius
946 1326 1109 1382 Lanuvinus

85 1414 226 1468 generque
235 1397 310 1452 Aelii
320 1397 377 1451 Ser.
388 1397 502 1451 Clodius
516 1399 635 1465 uterque
647 1414 732 1466 eques
742 1399 884 1453 Romanus
895 1400 950 1453 Cic.
961 1401 1046 1454 Brut.
1053 1403 1109 1453 205

85 1470 141 1524 fuit
159 1470 184 1523 is
202 1470 375 1593 )111.Αο1“00]
394 1470 506 1522 omnino
526 1470 567 1522 vir
586 1470 715 1539 egregius
735 1472 764 1523 et
783 1486 868 1538 eques
882 1469 1026 1524 Romanus
1046 1488 1110 1524 eum

85 1541 184 1610 primis
223 1542 344 1594 anesius.
377 1542 410 1595 de
427 1557 524 1611 qenero
543 1541 577 1594 ab
597 1557 625 1595 eo
644 1542 789 1609 repudiato
807 1541 842 1607 cf.
863 1547 918 1595 test.
936 1545 981 1594 18.

158 1635 182 1683 5.
213 1630 288 1683 Aelii
310 1647 402 1683 onnus
425 1632 530 1683 natalis
553 1647 586 1683 cu
604 1631 662 1683 cius
680 1632 830 1684 amicorum
848 1636 936 1684 aetate
955 1631 1023 1698 (test.
1040 1635 1066 1684 6.
1083 1633 1109 1699 7)

85 1703 197 1755 ineunte
219 1703 275 1768 fere
297 1702 405 1755 saeculo
430 1703 543 1770 septimo
561 1719 588 1754 u.
608 1718 630 1754 c.
653 1704 741 1755 statui
759 1708 848 1769 potest
873 1702 917 1768 (cf.
933 1703 1111 1769 potismmum

86 1773 200 1837 Boescli,
219 1773 251 1826 alc
270 1773 339 1825 XII
354 1772 408 1825 tab.
426 1773 481 1842 ieqe
495 1789 513 1825 a
527 1788 613 1841 qracc.
624 1775 721 1841 petito.
753 1773 899 1842 Gottinqae
913 1776 986 1826 1893
1000 1791 1031 1842 p.
1049 1775 1095 1841 54)
1101 1793 1110 1838 ;

86 1845 159 1911 qino
178 1860 211 1897 60
229 1847 264 1910 fr.
281 1847 316 1897 43
335 1847 437 1914 6900006
455 1844 641 1910 confirmatur.
674 1861 766 1898 annus
784 1846 952 1910 0100010000
966 1845 1112 1902 0664190

85 1915 144 1981 fau
161 1917 229 1983 (uu.
245 1919 271 1967 a.
288 1919 331 1970 10.
347 1919 402 1983 0),

159 1998 184 2048 6.
205 1994 259 2048 Cic.
279 2001 347 2048 orat.
362 1998 418 2049 230
446 1996 475 2046 00
498 1993 544 2046 hie
567 1992 681 2060 quidem
709 1994 829 2065 [Coelius
847 1993 1008 2064 Antipater]
1037 1994 1111 2048 hane

87 2082 104 2118 a
131 2065 161 2117 L.
191 2065 286 2132 Aelio,
315 2065 351 2117 ad
379 2081 462 2132 quem
489 2065 609 2133 scripsit,
636 2065 681 2117 cui
707 2081 736 2118 se
759 2067 871 2133 pungat,
894 2064 1004 2118 veniam
1027 2066 1110 2134 petit.

87 2137 165 2190 Ilicet.
186 2138 224 2190 ad
247 2136 315 2190 Her.
335 2141 419 2203 4,12,
435 2141 471 2190 18
501 2153 556 2203 quo
582 2136 612 2188 in
636 2136 706 2189 vitio
734 2137 885 2206 [uerborum
904 2137 1108 2207 transiectioru]

87 2210 130 2260 est
150 2205 260 2261 Coelius
280 2207 423 2274 adsiduus,
447 2208 480 2260 ut
497 2207 568 2260 haee
587 2210 630 2260 est
649 2208 731 2278 [deest
749 2209 826 2274 apud
840 2207 946 2278 Peter].·
968 2207 1110 2277 inpriore

88 2276 160 2332 libro
179 2278 231 2331 has
250 2293 293 2331 res
313 2278 350 2330 ad
368 2279 398 2331 te
417 2277 544 2346 scriptas,
566 2278 642 2341 Luci,
661 2278 797 2343 misimus,
817 2276 889 2332 Aeli.
921 2280 956 2345 cf.
976 2278 1110 2346 FMaru‚

87 2349 166 2404 Sina.
182 2349 272 2403 Lucil.
293 2351 389 2416 (Borm
402 2351 488 2418 1882)
499 2367 528 2418 p.
545 2354 589 2403 96.
622 2350 707 2403 Caelii
725 2356 815 2403 00060
834 2356 909 2403 aetas
927 2366 961 2404 60
978 2367 1008 2405 60
1028 2353 1112 2422 arqui

84 2427 181 2544 010000,
214 2420 286 2488 quael
318 2420 353 2474 L.
383 2421 477 2476 Crassi
508 2438 534 2474 o.
563 2420 680 2492 ⁶14l14⁰
706 2423 769 2474 nati
795 2423 924 2491 maqistcr
950 2422 1008 2487 fuit
1040 2423 1108 2489 (Cic.

118 2499 171 2545 rut.
189 2494 260 2560 102).

160 2578 175 2622 2
196 2571 304 2624 Laelio:
324 2589 371 2625 cm.
392 2573 498 2640 Popma
575 2577 592 2624 4
612 2571 717 2624 caelius
736 2573 776 2625 ocl
795 2570 909 2625 cecilius
928 2572 1007 2626 codol.

161 2664 185 2712 7.
215 2660 288 2715 Suet.
308 2660 341 2713 de
362 2664 515 2730 9000002
545 2663 589 2728 (ca
613 2661 744 2729 Varrone)
770 2659 800 2712 Ι1.
819 2658 917 2713 Aelius
939 2691 976 2700 -
998 2662 1111 2715 tantum

89 2730 269 2798 optimatium
279 2730 380 2796 fautor,
395 2733 428 2783 ut
438 2730 584 2784 Metellum
593 2730 774 2784 Numidicum
789 2731 935 2800 [consulem
944 2750 970 2786 a.
980 2731 1110 2804 bisace]

88 2801 118 2854 in
142 2801 271 2854 exsilium
295 2802 445 2855 comitatus
471 2802 508 2855 sit
532 2803 568 2872 [a.
590 2801 728 2873 taillac}
765 2803 797 2856 de
820 2819 849 2856 eo
869 2802 930 2857 Lio.
946 2820 1005 2872 per.
1022 2808 1059 2859 69
1081 2805 1111 2857 in

89 2871 220 2925 exsilium
237 2872 427 2926 voluntarium
446 2873 576 2927 Rhodum
599 2872 741 2941 profectus
761 2875 803 2926 est
826 2872 922 2940 ibique
941 2873 1063 2944 legendo
1083 2877 1111 2930 et

90 2943 230 2997 audiendo
253 2962 371 3014 magnos
395 2944 467 2997 viros
492 2943 668 2998 avocabatur.
710 2945 805 3000 Illioeli
822 2946 934 2999 docebat
955 2952 1022 3000 tunc
1040 2948 1110 3001 Dio·

89 3017 187 3084 nysius
196 3016 242 3068 nile
257 3017 354 3070 Tierua
363 3017 521 3070 Aristarchi
534 3018 693 3084 6006000000,
709 3017 741 3069 06
750 3019 830 3070 cuius
842 3018 950 3071 ratione
959 3034 1022 3071 cum
1031 3019 1111 3074 Aelio

89 3088 272 3140 coniecturam
289 3088 354 3153 fecit
368 3089 457 3141 Maru
476 3088 549 3156 (Inui.
565 3089 621 3142 lect.
637 3088 760 3142 Rostocla
782 3086 903 3156 1888)89
912 3105 942 3156 p.
959 3093 1002 3142 10.
1032 3090 1110 3145 Rlet.

91 3158 128 3210 ael
138 3157 205 3212 Her.
215 3159 319 3229 proleq.
330 3159 489 3227 p.1388q.).
518 3166 633 3212 ceterum
647 3159 681 3224 of.
693 3160 736 3212 Dc
750 3159 806 3212 luci.
818 3160 868 3212 litt.
880 3160 918 3212 ael
931 3158 1110 3230 Dionysium.

161 3250 188 3302 8.
208 3247 241 3300 de
261 3246 387 3301 Cicerone
406 3254 431 3300 et
450 3247 572 3301 Varrone
588 3248 665 3301 Aelii
682 3248 827 3315 discipulis
849 3248 883 3312 cs.
904 3248 993 3302 Vama
1012 3255 1069 3304 test.
1085 3252 1110 3302 4.

91 3318 204 3457 {32qu
212 3319 324 3458 Cgugiue
348 3321 544 3389 qrammaticus
569 3321 725 3372 coniectura
751 3319 867 3373 additur
892 3320 1000 3386 (Hertz,
1025 3321 1111 3374 0611.

160 3431 187 3523 9.
207 3432 291 3524 Ι1000.
316 3488 343 3524 n.
363 3471 388 3523 li.
408 3473 445 3523 37
450 3474 490 3533 ,9
513 3471 555 3522 est
579 3469 654 3538 apud
678 3471 805 3522 auctores
829 3470 857 3523 et
880 3469 1111 3525 Intercatiensem

76 3537 172 3604 illam,
200 3540 282 3593 cuius
301 3543 417 3611 patrem
438 3541 534 3612 Scipio
554 3541 731 3596 Aemilianus
755 3556 792 3592 ex
811 3541 1012 3606 qneseeat‘mne
1028 3543 1115 3594 'inteu-
