2422 3840
419 188 456 242 M.
476 187 622 242 Terentius
641 188 729 241 Varro
1016 186 1079 251 221

68 358 180 416 dictum
202 361 233 416 et
254 358 375 416 tertiam
399 357 558 432 quandam,
588 360 671 416 ouius
695 375 773 415 nunc
795 357 870 415 mihi
892 375 999 414 nomen
1022 375 1081 414 non
1096 373 1122 412 so

67 446 207 522 subpetit,
229 449 261 504 in
284 446 411 522 pistrino
434 466 501 505 eum
525 447 675 521 scripsisse
698 447 794 504 Varro
818 449 848 504 et
870 445 1005 521 plerique
1028 445 1082 502 alii

66 537 225 594 memoriae
248 535 444 610 tradiderunt,
468 554 534 594 cum
558 534 683 610 pecunia
706 536 796 608 cmni,
820 553 910 609 quam
932 535 964 592 in
983 535 1081 608 operis

66 625 215 683 artificum
229 626 430 683 scaenicorum
443 627 608 700 pepererat,
624 625 656 681 in
669 624 849 682 mercatibus
863 623 982 699 perdita
994 625 1081 698 inops

66 713 193 772 Romam
223 712 349 772 redisset
378 717 407 772 et
439 713 476 771 ob
508 713 708 789 quaerendum
743 714 856 771 victum
889 712 927 770 ad
959 713 1082 770 circum·

66 801 196 880 agendas
214 802 319 876 molas,
342 821 417 878 quae
435 803 591 861 trusatiles
612 800 812 877 appellantur,
836 820 956 877 operam
974 803 1082 877 pistori
1095 818 1121 860 ss

66 891 204 950 locasset·
312 889 313 892 ’

132 1016 222 1074 sicuti
252 1015 287 1073 de
314 1015 430 1075 Naevio
457 1035 579 1090 ‚quoque
610 1017 776 1090 accepimus
805 1014 923 1073 fabulas
954 1033 1021 1072 eum
1050 1016 1082 1072 in

62 1122 182 1163 carcere
212 1103 285 1162 duas
315 1105 480 1180 scripsisse,
512 1104 670 1163 Hariolum
700 1107 731 1162 et
760 1103 914 1174 Leontem,
948 1122 1014 1161 oum
1045 1102 1082 1162 ob

66 1192 218 1252 assiduam
240 1194 480 1252 maledicentiam
500 1196 530 1252 et
548 1193 657 1269 probra
676 1194 708 1250 in
726 1194 875 1268 principes
895 1193 1026 1251 civitatis
1046 1192 1081 1250 de

66 1280 246 1341 Graecorum
264 1285 420 1358 poetarum
438 1284 519 1341 more
536 1282 617 1342 dicta
634 1284 666 1339 in
680 1284 800 1341 vincula
814 1282 925 1340 Romae
941 1301 960 1340 a
977 1281 1081 1339 trium·
1095 1301 1122 1340 ro

65 1373 139 1431 viris
158 1371 306 1430 coniectus
326 1374 410 1430 esset.
447 1372 525 1430 unde
542 1374 611 1447 post
630 1390 647 1429 a
665 1371 794 1430 tribunis
815 1371 910 1446 plebis
929 1372 1081 1445 exemptus

65 1463 124 1533 est,
154 1478 222 1518 cum
248 1461 280 1517 in
307 1461 353 1518 his
382 1479 455 1535 quas
485 1479 575 1535 supra
602 1461 664 1519 dixi
693 1460 803 1518 fabulis
833 1450 942 1518 delicta
970 1478 1023 1518 sua
1052 1462 1082 1516 et

65 1549 250 1625 petulantias
269 1548 424 1624 dictorum,
444 1549 551 1624 quibus
569 1550 679 1608 multos
694 1552 763 1608 ante
782 1551 919 1622 laeserat,
937 1548 1081 1607 diluisset.

131 1665 208 1728 Gall.
224 1678 249 1739 3,
264 1677 281 1727 3
299 1699 376 1727 varum
394 1700 441 1729 esso
458 1689 588 1740 comperior,
607 1675 682 1742 quod
700 1673 837 1742 quosdam
855 1673 927 1728 bene
941 1672 1081 1727 litteratos

63 1744 193 1799 homines
213 1745 304 1798 dicere
323 1745 430 1811 audivi,
449 1745 498 1814 qui
517 1745 665 1814 plerasque
681 1744 776 1798 Plauti
796 1745 954 1799 comoedias
974 1744 1082 1798 curiose

65 1817 152 1884 atque
170 1817 301 1870 contente
319 1816 491 1882 lectitarunt,
509 1843 556 1870 non
568 1831 680 1870 musicus
693 1849 720 1856 -
734 1830 808 1870 mauu
820 1831 885 1881 forst,
904 1831 995 1884 neque
1010 1815 1081 1869 alius

65 1887 217 1955 quisquam
236 1905 292 1941 non
310 1887 471 1955 infrequens
491 1887 585 1942 Plauti
606 1887 694 1940 lector
717 1887 901 1954 dubitaverit,
925 1888 949 1940 si
968 1886 1012 1941 vel
1030 1886 1081 1939 hos

66 1957 141 2012 solos
160 1974 194 2010 ex
213 1958 362 2012 catabula
380 1976 474 2012 versus
493 1959 663 2028 cognoverit,
683 1958 732 2027 qui
751 1959 885 2026 quoniam
903 1959 977 2023 sunt,
995 1959 1028 2010 ut
1046 1958 1081 2011 de

64 2028 143 2082 illius
161 2028 257 2083 Plauti
275 2046 351 2082 more
371 2030 475 2095 dicam,
494 2030 712 2096 Plautiniesimi,
740 2033 889 2099 propterea
907 2031 936 2083 et
954 2028 1081 2084 memini-

64 2118 127 2154 mus
156 2116 203 2153 eos
231 2102 260 2153 et
287 2101 474 2170 ascripsimus.
525 2101 665 2170 parasitus
693 2101 734 2155 ibi
763 2101 887 2155 esuriens
914 2100 984 2154 haec
1012 2100 1082 2153 dicit

66 2172 179 2242 [Plauti
192 2175 279 2226 Bocot.
298 2173 334 2239 fr.
350 2172 411 2226 IL.
435 2173 528 2241 Aquil.
544 2190 567 2226 o.
583 2177 641 2242 leq.
662 2172 782 2244 Raobssp
810 2173 853 2226 ‘ut
870 2171 952 2225 illum
972 2171 1002 2224 di
1019 2187 1081 2239 per-

66 2243 149 2308 dant,
171 2242 278 2310 primus
300 2244 350 2310 qui
368 2243 451 2296 horas
468 2243 601 2312 repperit,
614 2246 626 2311 l
638 2245 742 2312 quique
762 2245 831 2298 adeo
855 2243 961 2312 primus
981 2243 1082 2296 statuit

57 2313 113 2366 .hic
136 2312 282 2379 solarium,
294 2313 308 2384 l
319 2314 369 2382 qui
387 2314 457 2367 mihi
475 2316 641 2368 comminuit
659 2315 760 2398 misero
784 2314 957 2368 articulatim
976 2314 1058 2396 diem.
1071 2313 1085 2385 χ’

56 2384 350 2524 remesses
368 2387 831 2529 {rzlssasalsssslsl
837 2385 1082 2528 atttriti?

65 2526 153 2580 nebat
177 2544 250 2592 esse,
276 2527 331 2580 nisi
355 2545 418 2581 cum
442 2527 513 2580 nihil
537 2528 632 2600 erat]
643 2546 717 2582 nuno
741 2529 827 2582 etiam
846 2528 922 2596 quod
946 2530 1001 2591 est,
1025 2544 1081 2580 non

66 2600 151 2661 estur,
169 2597 225 2650 nisi
244 2597 297 2651 soli
315 2597 397 2664 libet,
410 2597 424 2668 s
434 2598 532 2668 itaque
551 2600 621 2654 adeo
640 2601 697 2653 iam
716 2600 861 2669 oppletum
885 2601 928 2652 est
947 2598 1081 2668 oppidum

66 2669 214 2739 solariis]
231 2669 322 2722 maior
343 2686 408 2739 pars
432 2671 531 2738 populi
554 2670 627 2724 aridi
650 2673 763 2740 reptant
787 2670 883 2724 fame'.
929 2669 1080 2723 Favorinus

66 2757 177 2808 quoque
202 2742 309 2805 noster,
336 2758 399 2794 cum
422 2740 616 2795 Nervulariam
634 2742 729 2795 Plauti
751 2743 887 2812 legerem,
913 2757 985 2810 quae
1008 2741 1081 2794 inter

65 2812 187 2864 incertas
210 2811 308 2864 habita
332 2814 385 2879 est,
411 2813 440 2864 et
463 2812 587 2866 audisset
606 2831 639 2866 ex
658 2830 692 2866 ea
711 2813 856 2867 comoedia
878 2829 988 2867 versum
1007 2813 1081 2865 hunc

65 2883 113 3005 {sm
126 2886 144 2935 7
152 2882 200 2953 L.]
225 2883 366 2947 ‘scrattaa
385 2885 546 2951 scrupedae,
566 2884 738 2938 strittivillae
753 2884 905 2947 sordidae',
925 2883 1080 2936 delectatus

78 2955 159 3006 aceta
181 2953 328 3006 verborum
352 2954 523 3021 antiquitate
546 2956 722 3009 meretricum
748 2955 817 3008 vitia
843 2957 926 3023 atque
951 2953 1080 3008 deformi-

62 3026 139 3078 tates
159 3024 392 3094 significantium:
413 3024 468 3078 ‘vel
482 3043 553 3090 unus
567 3026 672 3080 hercle’
692 3026 786 3094 inquit
805 3026 862 3079 ‘hic
876 3042 971 3078 versus
985 3024 1080 3078 Plauti

66 3111 127 3149 esse
144 3095 218 3148 hanc
236 3095 362 3149 fabulam
382 3095 450 3149 satis
469 3098 562 3164 potest
580 3097 646 3151 fidei
665 3097 786 3152 fecisse'.
823 3113 872 3150 nos
894 3113 1004 3165 quoque
1023 3096 1081 3164 ipsi

65 3166 238 3235 nuperrime,
265 3183 328 3220 cum
350 3166 506 3235 legeremus
529 3169 642 3222 Fietum
665 3170 775 3238 (nomen
799 3168 888 3222 estid
909 3167 1080 3232 comoediae,

66 3253 152 3305 quam
169 3237 264 3291 Plauti
283 3255 343 3292 esse
361 3237 477 3306 quidam
494 3256 550 3292 non
569 3241 689 3309 putant),
708 3240 779 3292 haut
797 3239 949 3307 quicquam
968 3238 1080 3292 dubita·
1171 3234 1174 3242 '

66 3308 169 3376 vimus,
194 3309 262 3377 quin
285 3327 318 3362 ea
336 3308 431 3362 Plauti
450 3308 522 3362 foret
549 3317 578 3364 et
597 3311 722 3364 omnium
749 3310 864 3378 quidem
887 3309 1006 3363 maxime
1032 3326 1080 3377 ge-

65 3380 161 3433 nuina.
186 3395 219 3433 ex
237 3397 293 3449 qua
312 3380 366 3433 duo
385 3381 436 3433 hos
454 3398 549 3434 sersus
565 3382 760 3451 vsuscripsimus,
778 3383 811 3434 ut
828 3381 977 3435 historiam
995 3396 1079 3447 quae·

65 3451 437 3505 reremusoraculiArretini
458 3453 582 3523 fr.1L.]:
595 3454 680 3506 ‘nunc
689 3452 761 3505 illud
771 3456 824 3518 est,
832 3452 1092 3522 quodnesponsunn
1125 3466 1127 3470 ’

64 3522 159 3575 'Arreti
176 3522 312 3592 [Amatini
328 3541 350 3575 r¹
363 3522 445 3576 <codd
479 3523 555 3579 ludis
574 3525 688 3600 magnis
707 3525 831 3583 dicitius
847 3527 851 3599 l
867 3524 989 3595 petino,
1000 3521 1032 3573 si
1045 3534 1113 3569 nou

56 3593 160 3653 lacero,
187 3592 217 3642 si
235 3591 311 3656 faxo,
343 3593 447 3662 vapula
468 3597 506 3653 ο’,
530 3626 531 3629 =
550 3614 585 3657 Μ,
607 3603 710 3659 tamen
729 3618 812 3658 vm
830 3615 859 3655 'sn
873 3613 942 3654 unio
961 3625 992 3634 -
1011 3600 1133 3645 numm*-
