2422 3840
201 191 350 245 Porcellus.
387 191 525 245 Antonius
544 191 642 244 Rufus.
680 190 716 243 M.
732 190 846 244 Verrius
866 189 982 244 Flaccus
1044 190 1109 254 509

594 362 615 418 2

160 469 282 526 fuerunt
305 468 358 543 qui
380 467 465 526 nobis
490 485 606 541 quoque
631 467 783 525 adicerent
806 466 924 524 dualem
955 461 1109 541 ‘scripsere

93 551 212 634 legere',
236 557 315 630 quod
335 557 492 614 evitandae
516 555 686 630 asperitatis
710 556 808 633 gratia
828 555 979 612 mollitum
999 558 1052 629 est,
1075 558 1110 613 ut

92 645 173 720 apud
200 647 314 703 veteres
337 664 392 720 pro
421 639 509 703 ‘male
532 640 664 703 mereris'
695 640 783 702 ‘male
806 640 938 702 merere'.
984 644 1109 720 ideoque

94 735 172 808 quod
196 737 305 793 vocant
328 735 415 793 duale
433 736 465 792 in
488 735 541 792 illo
565 735 628 792 solo
647 753 752 812 genere
775 733 918 806 consistit,
942 752 1008 792 cum
1028 733 1109 808 apud

93 821 220 882 Graecos
240 827 270 881 et
287 823 371 882 verbi
393 825 458 881 tota
478 824 540 880 fere
559 825 675 881 ratione
695 825 724 881 et
742 825 774 880 in
792 823 962 881 nominibus
986 823 1108 898 depren-
1137 835 1149 874 δ

92 913 182 971 datur
197 916 226 970 et
244 915 287 971 sic
302 932 420 989 quoque
433 913 603 971 rarissimus
618 913 680 970 eius
695 915 734 970 sit
748 930 828 985 usus,
847 912 926 987 apud
940 915 1109 970 nostrorum

92 1021 162 1060 vero
181 1002 328 1060 neminem
345 1002 419 1060 haec
443 1001 610 1060 observatio
633 1003 810 1076 reperiatur,
833 1002 906 1076 quin
926 1003 1108 1060 econtrario

94 1085 182 1169 [Aen.
203 1095 231 1158 1,
248 1085 326 1168 365]
356 1085 512 1149 ‘devenere
534 1084 630 1148 locos’
654 1092 684 1147 et
713 1083 899 1168 [Aen.2,1]
929 1084 1109 1149 ‘conticuere

93 1174 205 1238 omnes’
228 1183 258 1237 et
283 1173 381 1257 [Ouid.
404 1175 589 1259 naet.13,1]
615 1173 782 1238 ‘consedere
806 1174 904 1237 duces'
929 1182 1031 1254 aperte
1054 1198 1107 1238 nos

92 1269 217 1327 doceant
247 1269 323 1325 nihil
353 1269 458 1326 horum
487 1269 524 1326 ad
552 1268 626 1326 duos
655 1269 818 1343 pertinere,
851 1267 950 1326 dixere
980 1287 1107 1343 quoque,
1123 1280 1149 1319 10

92 1376 275 1432 quamquam
298 1357 328 1413 id
348 1357 496 1416 Antonius
515 1357 610 1416 Rufus
634 1377 667 1416 ex
687 1357 803 1415 diverso
827 1358 912 1432 ponit
933 1359 1108 1432 exemplum,

91 1447 128 1504 de
150 1446 284 1521 pluribus
308 1448 442 1520 patronis
465 1465 571 1520 praeco
594 1448 775 1522 pronuntiet.

166 1535 258 1604 Quint.
270 1540 295 1600 1,
306 1540 331 1600 5,
342 1538 378 1588 42
391 1550 483 1589 nerunt
492 1551 531 1598 qui
540 1569 566 1574 —
575 1551 709 1598 pronunties.
730 1538 763 1603 si,
777 1543 809 1590 ut
822 1537 939 1601 uidetur,
955 1536 1109 1606 Verqiliani

93 1606 145 1659 loci
170 1614 195 1658 et
220 1605 374 1658 widianus
399 1624 417 1659 a
444 1607 520 1672 Rufo
548 1609 628 1661 allati
655 1615 733 1673 sient,
760 1609 818 1663 eius
846 1615 922 1661 aetas
948 1608 1108 1661 certioribus

90 1678 215 1731 terminis
233 1678 371 1742 desinitur.
404 1735 405 1739 ,

165 1780 195 1827 11
216 1791 386 1842 quamquam
405 1774 447 1844 id]
469 1776 543 1841 quod
563 1777 686 1830 Arnbros,

311 2019 363 2102 ll.
396 2016 625 2104 VERRIUS
657 2017 888 2105 calcans

433 2185 472 2249 A.
497 2185 766 2252 rasrruorun

90 2272 201 2325 VITAE

163 2360 186 2407 1.
208 2354 263 2407 ‘M
284 2354 395 2407 Verrius
413 2354 551 2407 Flaccus’
577 2354 648 2408 Suet.
673 2356 717 2420 (cs)
741 2355 799 2408 ind.
822 2373 934 2425 pratum.
955 2363 980 2409 et
1002 2362 1057 2410 test.
1077 2357 1105 2424 2)

89 2431 116 2478 et
139 2426 268 2490 Hieron,
298 2426 431 2491 ceteroqui
458 2426 586 2478 ‘Verrius
609 2427 742 2480 Flaccus'
767 2428 939 2496 plerumque,
968 2428 1106 2482 interdurn

92 2496 229 2549 ‘Verrius’
251 2503 275 2550 et
292 2497 407 2561 fortasse
426 2497 506 2549 etiarn
526 2498 677 2550 ‘Flaccus’.
1095 2529 1096 2536 κ

162 2579 187 2628 2.
208 2576 279 2629 Suet.
299 2577 331 2629 de
348 2593 462 2645 pransu.
478 2580 513 2630 17
527 2576 564 2630 M.
584 2577 637 2647 [ita
650 2584 682 2631 ut
695 2579 749 2631 oid.
765 2578 880 2632 Vindob.
895 2596 930 2632 ru.
943 2579 971 2649 1]
991 2577 1105 2632 Verrius

91 2646 206 2699 Flaccus
225 2647 382 2699 libertinus.
413 2647 505 2714 itaque
524 2648 598 2702 alius
615 2654 654 2702 est
671 2649 784 2702 Verrius
800 2650 919 2704 Floram
935 2651 976 2704 M.
995 2651 1106 2717 fltra’bu

91 2718 215 2772 Falerna
225 2718 442 2784 clamosae
450 2721 484 2784 cf.
494 2722 566 2772 3734
573 2720 663 2787 (aliter
670 2719 790 2784 Scbnlae,
798 2721 862 2773 Lat.
872 2721 1104 2791 Eiqeun.p.t95).

162 2803 187 2851 3.
208 2799 322 2852 Hieron.
345 2798 382 2850 ad
405 2815 430 2851 a.
450 2800 516 2852 Abr.
532 2798 742 2868 2024=761s8
770 2799 965 2853 Athenodorus
988 2801 1104 2855 Tarsen-

90 2869 129 2921 sis
149 2869 253 2922 stoicus
271 2868 454 2937 philosophus
474 2872 502 2921 et
520 2869 557 2921 M.
576 2869 690 2921 Verrius
709 2870 825 2923 Flaccus
845 2872 1044 2938 grammaticus
1062 2873 1105 2925 in-

90 2940 183 3009 signes
209 2940 355 2993 habentur.
398 2940 469 2995 Suet.
489 2941 521 2994 de
538 2944 702 3010 pramu.17
726 2942 846 2994 decessit
869 2942 970 2995 aetatis
989 2946 1104 2997 exactae

90 3011 142 3064 sub
161 3011 273 3064 Tiberio
293 3010 588 3083 [acatal-auctari
630 3013 664 3065 ab
688 3014 778 3067 eodeni
801 3012 929 3067 Suetonio
953 3017 1105 3082 accepimus

96 3083 220 3136 Verrium
239 3100 313 3136 anno
331 3084 388 3148 fere
403 3084 509 3154 744s10
523 3085 557 3137 ab
573 3084 697 3152 Aupusto
716 3091 843 3152 nepotum
861 3087 1022 3154 mapistruu
1041 3088 1104 3140 elec·

90 3158 148 3206 turn
166 3155 197 3206 in
215 3153 359 3207 Palatium
377 3156 519 3208 transiisse
538 3156 582 3222 (cf.
597 3155 642 3208 De
659 3156 715 3208 lud.
737 3157 787 3209 litt.
807 3162 862 3209 test.
879 3157 934 3224 50),
953 3157 1026 3210 uude
1044 3175 1104 3211 euru

90 3224 216 3278 XXXV
229 3227 373 3279 minimum
397 3242 485 3279 annos
506 3232 603 3280 natura
626 3233 691 3279 tunc
712 3227 798 3291 fuisse
821 3228 894 3293 effici
912 3234 1008 3295 potest.
1032 3229 1104 3297 qnod

89 3296 122 3360 si,
141 3303 173 3348 ut
186 3297 329 3363 probabile
347 3303 393 3362 est,
412 3314 481 3364 quae
495 3298 683 3352 Praenestinis
700 3298 782 3364 fastis
800 3314 884 3366 usque
901 3299 938 3352 ad
952 3318 977 3351 a.
994 3303 1048 3352 775
1051 3300 1105 3370 s22

90 3367 188 3419 addita
210 3374 275 3420 sunt
297 3368 388 3421 Verrii
409 3369 535 3435 beneficio
557 3370 697 3434 habeatur,
722 3371 759 3435 ie,
785 3371 834 3436 qui
855 3370 1007 3422 adnodant
1027 3387 1116 3420 seuere

89 3439 208 3503 decessit,
226 3439 316 3506 spatio
335 3455 472 3494 annorum
491 3439 760 3513 carsae-rortto
780 3445 942 3492 natusest.
973 3437 1016 3495 ct.
1027 3437 1098 3480 test.
1110 3435 1142 3474 1³2·

159 3524 182 3570 4.
202 3519 273 3572 Suet.
289 3519 323 3573 ae
334 3538 450 3592 prauam.
464 3527 499 3577 17
518 3524 653 3578 statuam
664 3521 763 3576 hahet
771 3517 945 3572 Praeneste
958 3511 1001 3558 'm
1011 3497 1196 3591 {niemez

78 3586 136 3639 forr'
148 3591 233 3655 parte
253 3590 329 3645 eirca
348 3593 573 3668 hemicyclium,
589 3597 625 3652 in
646 3613 708 3666 quo
727 3593 855 3647 laetos
875 3601 899 3636 a
915 3597 952 3633 se
973 3565 1142 3624 eremum
1158 3567 1178 3596 e
