2422 3840
401 167 541 221 Addcnda
559 168 588 221 et
607 165 771 237 corrigenda
1031 164 1096 229 613

76 356 110 411 p.
126 338 188 397 256
208 341 277 410 post
298 338 336 410 fr.
351 339 418 396 216
442 335 531 396 adde:

555 452 626 538 [20]

194 585 279 644 ill.
307 587 343 642 in
362 584 541 644 conviviis
559 583 662 660 pueri
680 582 835 641 modesti
852 585 893 641 ut
907 584 1099 640 cantarent

128 676 290 733 carmina
312 677 478 750 antiqua,
501 675 537 730 iu
562 672 691 747 quibus
714 672 839 730 laudes
863 673 966 730 erant
988 672 1098 729 maio-

40 814 49 832 ,
128 783 216 837 rum,
240 767 275 823 st
298 782 378 824 assa
401 781 487 821 voce
511 765 545 820 et
568 780 644 820 cum
667 761 827 820 tibicine.

199 863 275 917 Noa.
289 881 320 931 p.
335 867 405 929 77,1
426 877 491 914 assa
508 877 584 926 voce,
604 859 665 913 sola
683 859 743 913 vioe
761 859 877 928 linguae
890 861 1003 912 tantum
1016 859 1099 913 modo

129 936 179 988 aut
196 933 273 988 vocis
286 933 426 987 hnmanae
440 950 497 986 non
512 930 645 985 admixtis
660 929 725 984 aliis
739 929 854 984 musicis
869 946 929 985 esse
943 929 1099 985 voluerunt.

128 1004 216 1060 Varro
235 1005 271 1058 de
289 1005 348 1058 vita
365 1003 466 1072 populi
483 1002 605 1056 Romani
623 1001 673 1055 lib.
687 1001 725 1055 H:
744 1016 769 1055 m
783 1016 893 1056 convivus
906 1033 933 1041 -
946 1017 1044 1056 absone.

200 1117 214 1165 1
235 1110 341 1165 conviis
360 1111 452 1180 Laod.

78 1246 189 1319 12257
209 1247 278 1317 post
299 1244 338 1316 fr.
353 1243 419 1301 213
443 1241 533 1301 addc:

557 1377 629 1463 [12]

196 1509 214 1566 i.
234 1508 292 1568 IV.
325 1508 378 1566 ibi
396 1527 414 1566 a
432 1507 596 1583 muliere,
616 1527 706 1584 quae
725 1510 871 1582 optuma
889 1525 974 1566 voce
994 1510 1101 1581 esset,

129 1617 301 1674 perquam
323 1596 485 1671 laudari3
515 1597 597 1656 dein
620 1596 765 1656 neniam
788 1597 932 1655 cantari
954 1595 1103 1655 solitam

130 1686 173 1745 ad
200 1687 312 1747 tibias
341 1689 376 1745 et
404 1685 499 1745 fides
525 1705 644 1744 eorum
668 1685 728 1761 qui
751 1685 849 1744 ludis
871 1686 985 1744 tricas
1009 1687 1102 1743 curi·

128 1779 278 1836 tassent.
334 1776 421 1834 haec
457 1775 587 1833 mulier
617 1777 782 1834 vocitata
818 1774 903 1834 olim
939 1774 1103 1849 praefica

130 1883 241 1941 usque
265 1865 308 1924 ad
330 1864 523 1923 Poenicum
545 1863 688 1924 bellum.

201 1965 275 2019 Noa.
290 1981 322 2032 p.
341 1967 403 2030 145,
416 1967 453 2017 24
476 1962 561 2016 nenia
584 1962 713 2031 ineptum
736 1963 765 2015 ct
787 1960 963 2016 inconditum
982 1977 1103 2026 carmen,

130 2034 206 2103 quod
226 2051 243 2088 a
261 2034 401 2089 conducta
419 2033 545 2101 muliere,
565 2049 637 2101 quae
655 2033 779 2101 praefica
795 2032 943 2098 diceretur,
962 2033 986 2086 is
1000 2031 1103 2100 quibus

129 2106 281 2174 propinqui
304 2123 361 2160 non
384 2107 490 2171 essent,
513 2104 632 2158 mortuis
656 2103 841 2158 exhiberetur.
873 2103 962 2157 Varro
987 2103 1022 2156 de
1044 2102 1104 2156 vita

130 2176 230 2301 ΨΜ
244 2177 368 2302 istd
386 2175 860 2302 ¹³i·.111.·11au.ur⁰a²sr·
892 2176 1103 2299 {debesa

130 2264 226 2386 cessii
246 2323 307 2374 303.
346 2266 457 2375 cedite
480 2320 528 2389 aa.
552 2323 579 2384 2,
594 2322 639 2373 ce.
676 2287 779 2372 rorici
802 2272 828 2384 ξ
843 2271 899 2370 73⁰
924 2271 1104 2383 imweassude'

132 2391 322 2446 Rmnaaorem
335 2392 420 2444 aenio
434 2390 674 2460 (0661691868),
698 2389 738 2442 H.
748 2389 780 2442 de
790 2389 819 2441 lo
834 2389 902 2442 Veile
916 2387 948 2441 de
959 2389 1103 2452 Minucii,

132 2463 197 2517 Rev.
219 2462 252 2515 de
270 2463 341 2531 ptri.
360 2465 398 2516 26
416 2462 510 2532 (1902)
529 2464 639 2529 11263.
659 2463 721 2514 335.
758 2459 821 2514 ΡΜ
827 2459 952 2524 Ndlsoc,
976 2459 1058 2514 Aret.
1081 2459 1102 2525 f.

132 2533 305 2604 Reiiyioiiaw.
325 2537 343 2587 9
361 2533 456 2602 (1906)
470 2535 616 2600 1128684.

204 2645 218 2692 1
234 2639 362 2710 optuma]
372 2638 504 2692 obtutum
518 2654 548 2692 a:
563 2655 611 2692 em.
624 2637 790 2693 GOaatcmis
844 2641 860 2688 2
875 2634 977 2688 deinne
986 2637 1048 2705 (req.
1057 2637 1104 2702 ne)

133 2710 223 2780 Iaeqd.
238 2730 268 2780 p.
284 2714 337 2765 145
423 2710 532 2763 cantari
550 2709 626 2764 codd.
641 2712 741 2778 p.145
764 2707 887 2762 cantoris
905 2707 946 2762 eei
964 2704 1105 2760 cantaoris

131 2781 208 2835 codd.
223 2800 255 2849 p.
270 2785 306 2836 67
378 2787 393 2835 3
412 2781 490 2834 vides
509 2780 586 2835 codd.
601 2797 632 2848 p.
647 2783 700 2835 145
773 2793 924 2846 eorumque
942 2777 1105 2831 ludistricas

134 2852 331 2906 cursicsssent:
350 2869 398 2906 cm.
413 2852 563 2906 Buecheler

82 3003 115 3058 p.
132 2986 193 3044 261
219 2985 257 3057 fr.
272 2984 338 3044 225
357 3003 383 3041 c.
398 2989 420 3043 2
434 2984 503 3043 odei.
526 2984 627 3057 proi.
651 2983 731 3060 quod
753 2983 812 3056 lece
835 2982 867 3040 id
890 2985 935 3040 est
959 2981 1038 3056 quod

82 3093 115 3148 p.
132 3075 195 3133 267
219 3075 257 3146 fr.
276 3075 343 3133 236
365 3091 392 3131 c.
413 3073 455 3130 15
470 3073 539 3131 ado.
571 3089 628 3146 pro
656 3072 771 3132 Usener
797 3071 869 3131 ibid.
898 3071 957 3145 lece
983 3070 1106 3143 Usener,

133 3162 224 3222 Sitzb.
248 3162 277 3221 d.
299 3161 405 3238 Bayer.
429 3161 525 3221 Akad.
549 3161 706 3237 puis-hist.
732 3159 774 3220 01.
804 3161 890 3220 1892
984 3157 986 3162 ’

82 3269 116 3324 p.
132 3252 193 3310 311
211 3254 427 3325 inscriptionem
440 3250 486 3308 De
500 3250 614 3328 origine
628 3251 750 3327 linguae
759 3248 886 3308 Latinae
901 3250 941 3307 dd
953 3249 1105 3308 sinistram

82 3447 116 3502 p.
132 3343 338 3502 grilmymffl
357 3447 383 3487 v.
401 3431 441 3487 11
457 3429 527 3488 add.
556 3445 612 3504 pro
640 3419 743 3510 (Pius.
765 3419 905 3501 quaest}
933 3442 983 3492 aa·
999 3417 1139 3483 wast*-

76 3535 112 3590 p.
128 3519 195 3576 320
213 3519 254 3591 fr.
269 3520 338 3578 303
355 3537 380 3578 c.
399 3522 442 3579 16
457 3520 531 3582 oda.
557 3518 625 3596 icoc
649 3514 824 3600 nunnitus
