2422 3840
437 183 474 237 M.
494 184 634 238 Antistius
653 184 746 237 Labeo
1033 184 1099 247 559

80 347 115 413 cf.
131 347 214 400 Paul.
230 348 397 414 1124815.
428 345 516 398 Varro
533 345 565 398 dc
584 345 601 397 I.
612 344 646 397 L.
662 347 688 410 5,
702 347 763 397 143.
793 345 855 398 Lc'c.
871 348 896 409 1,
911 348 955 409 44,
969 349 994 399 3.
1023 346 1099 400 Par.

81 419 224 472 Ituran.
264 416 332 470 Geel.
352 421 396 482 13,
411 420 453 471 14.
495 417 584 470 Prisc.
603 415 660 467 III
681 419 744 481 475,
759 419 784 468 9.
822 416 907 470 Sobel.
934 417 965 468 iu
990 416 1099 470 Lucan.

81 493 107 555 1,
122 492 184 542 594.
222 487 299 542 OGL
313 488 359 542 IV
378 491 439 552 554,
455 490 498 540 36.
519 490 563 541 37.
598 488 624 541 V
638 490 702 554 380,
717 490 760 539 12.

154 602 217 663 lsq.
238 596 353 648 Iccaucs
372 596 442 662 ecpl.
462 593 532 648 Saul.
557 594 615 648 Urs.
637 592 742 648 OMue.
796 591 972 661 posimirium
992 593 1101 648 Paulus

81 672 98 719 4
118 665 226 720 dictum
245 668 302 718 aut.
321 682 395 734 pom.
413 665 513 734 scripsi
530 682 563 718 eor
582 666 673 718 Paulo
691 664 733 717 itu
751 681 825 732 pom.
845 666 888 717 est
909 663 1014 718 OMac.

259 861 309 914 EX
331 860 447 914 LIBRIS
465 859 516 912 AD
535 858 700 913 EDICTUM
718 857 921 912 PRAETORIS

153 1003 222 1055 quae
247 987 281 1039 ab
310 985 429 1054 Ulpiano
455 1002 488 1039 cc
517 986 594 1039 libris
619 985 666 1036 Aa
694 985 811 1038 edictum
833 987 972 1052 praetoris
997 987 1102 1040 audaci

82 1073 201 1126 quaeque
219 1073 253 1111 ea
272 1057 349 1111 labris
363 1057 410 1110 Aa
425 1058 566 1127 perecrini
584 1057 740 1122 afferuntur
754 1056 792 1109 ad
807 1057 878 1110 idem
892 1073 961 1126 opus
979 1057 1051 1112 duas
1069 1060 1100 1111 iu

77 1135 173 1196 partes
187 1129 306 1182 dicdum
315 1129 452 1196 perticere
470 1129 615 1182 cerisc'mile
629 1132 668 1180 est
681 1128 725 1195 (cf.
741 1129 855 1182 Perus'ce
865 1145 895 1196 p.
911 1130 965 1196 59),
984 1130 1014 1182 c'd
1028 1130 1101 1198 qaod

82 1201 226 1268 inscriptio
251 1201 314 1267 ipso
335 1199 419 1253 Gella·
445 1199 490 1267 (fr.
512 1201 538 1268 7)
562 1199 713 1264 coufirmat.
750 1200 813 1252 biuc
836 1199 947 1265 fluxuse
970 1201 1101 1254 videretur

82 1273 118 1338 fr.
133 1275 177 1324 19.
195 1274 240 1324 24.

544 1370 564 1425 r
588 1360 637 1446 [2]

150 1483 169 1539 l.
183 1482 242 1541 IV.
284 1501 384 1541 soror
408 1483 595 1558 appellate
619 1481 787 1559 estquod
811 1484 915 1558 quasi
937 1500 1100 1543 seorsum

83 1572 249 1630 nascitur
278 1574 544 1647 separaturque
573 1571 614 1630 ab
643 1591 682 1631 ea
710 1571 824 1645 domo,
854 1574 890 1629 in
918 1591 986 1648 qua
1013 1576 1101 1632 noto

84 1663 152 1733 est,
175 1662 268 1719 etin
292 1661 401 1719 aliam
424 1661 607 1719 familiam
630 1661 909 1738 transgreditur.

159 1760 226 1814 Gerr.
242 1763 345 1825 13,10,
365 1763 381 1813 3
400 1762 546 1827 praeterea
564 1759 595 1812 in
613 1759 701 1825 libris,
721 1776 790 1827 quos
815 1761 851 1812 ud
869 1759 1006 1828 praetoris
1025 1760 1100 1815 edic-

83 1833 145 1884 tum
164 1831 284 1899 scripsit,
303 1830 392 1884 multu
410 1831 505 1899 posuit
523 1829 627 1899 partim
645 1830 740 1899 lepide
759 1834 844 1899 atque
863 1834 961 1900 argute
979 1835 1100 1900 reperta.

85 1902 169 1955 sicuti
188 1903 241 1956 hoc
263 1905 317 1967 est,
342 1901 417 1969 quod
439 1902 470 1954 in
494 1906 593 1970 quarto
617 1902 653 1955 ad
673 1902 796 1956 edictum
815 1901 887 1956 libro
907 1903 1042 1970 scriptum
1061 1903 1101 1957 le-

85 1973 190 2042 gimus:
209 1999 272 2028 soror
284 1973 378 2040 inquit
392 1989 540 2035 appeuasa—
549 1988 716 2037 uensgrecitur.
744 1975 817 2028 Non.
828 1992 858 2043 p.
875 1978 946 2039 52,3
960 1973 1100 2029 Antistius

84 2045 191 2099 Labeo:
210 2070 272 2100 soror
290 2044 383 2111 inquit
401 2061 514 2107 appensos
527 2077 554 2084 -
567 2063 621 2098 nasa
634 2063 672 2099 su.
709 2046 743 2112 cf.
764 2046 832 2099 Isid.
852 2062 890 2099 or.
910 2050 936 2111 9,
951 2049 1036 2111 6,12.

352 2240 402 2293 EX
419 2239 703 2294 POSTERIORIBUS
721 2240 838 2294 LIBRIS

160 2365 378 2431 Gell.13,10,2
396 2368 461 2418 sunt
480 2365 550 2418 adeo
569 2364 636 2418 libri
654 2368 719 2431 post
737 2368 855 2419 mortem
874 2365 933 2418 eius
948 2365 1099 2436 [Labeonis

87 2436 216 2507 Antistia]
240 2436 323 2501 editi,
343 2436 392 2502 qui
410 2437 578 2505 posteriores
600 2436 799 2501 inscribuntur,
824 2453 942 2503 quorum
964 2436 1101 2491 librorum

86 2510 143 2560 tres
162 2507 295 2574 continui,
314 2506 471 2560 tricesimus
486 2511 600 2561 octavus
619 2510 648 2560 et
661 2507 819 2560 tricesimus
833 2524 922 2561 nonus
937 2511 966 2561 et
980 2508 1102 2575 quadra-

87 2578 222 2647 gesimus,
245 2578 323 2647 pleni
347 2581 412 2631 sunt
435 2578 466 2631 id
489 2595 577 2648 genus
600 2596 693 2631 rerum
717 2577 753 2631 ad
777 2579 963 2632 enarrandum
981 2583 1009 2633 et
1028 2579 1101 2631 inlu-

87 2650 232 2703 strandam
250 2650 377 2718 linguam
395 2649 526 2703 Latinum
545 2649 769 2703 conducentium.
803 2649 835 2703 de
853 2650 931 2703 cerdo
947 2650 1099 2705 ‘enarrare'

87 2721 121 2786 cf.
140 2738 227 2789 supro
245 2739 279 2775 erc
296 2722 349 2775 iac.
368 2723 421 2774 iac.
442 2722 501 2776 ἰῶν.
521 2722 556 2788 fr.
571 2725 589 2774 4
603 2738 634 2788 p.
653 2725 714 2773 414.

524 2874 544 2929 8
569 2865 662 2949 [169]

154 2988 172 3045 t.
194 2987 386 3046 XXXVIII.
432 2986 531 3045 Labeo
561 2987 638 3046 libro
665 2986 840 3065 trigessimo
871 2989 975 3045 octavo
1003 2993 1102 3063 poste-

87 3078 200 3135 riorum
232 3076 400 3152 peculctum
436 3075 540 3134 definit
573 3077 715 3150 pecuniae
747 3075 884 3151 publicae
915 3079 969 3134 aut
1000 3095 1101 3136 sacrae

88 3166 204 3223 furtum
231 3185 290 3224 non
319 3164 356 3222 ab
385 3184 419 3224 eo
448 3165 572 3240 factum,
604 3166 686 3223 cuius
713 3165 846 3240 periculo
874 3165 946 3238 fuit,
976 3167 1007 3224 ot
1033 3166 1101 3224 ideo

89 3253 241 3311 aedituum
264 3257 296 3312 in
319 3254 374 3328 his,
399 3273 475 3329 quae
493 3253 520 3311 ei
543 3253 656 3313 traditu
677 3256 754 3328 sunt,
777 3254 949 3330 peculatum
971 3273 1030 3312 non
1051 3255 1102 3313 ed-

88 3344 215 3400 mrttere.

160 3442 227 3511 Dip.
247 3445 410 3509 48,13,11,
427 3445 447 3496 2
471 3440 576 3494 Paulus
599 3440 671 3495 libro
696 3440 839 3511 siugsduri
859 3441 898 3492 do
917 3439 1044 3490 indueus
1060 3453 1121 3496 ss-

89 3512 178 3566 blicis.
193 3545 219 3552 —
233 3526 349 3567 nabeo-
361 3527 485 3570 admirere.
508 3516 574 3570 item
586 3515 662 3570 Fast.
677 3531 707 3584 p.
722 3515 871 3578 mamb.
895 3507 937 3570 ct.
948 3522 983 3570 p.
994 3505 1047 3552 ‘auu
1058 3499 1150 3554 ⁰103-

82 3586 163 3638 Paul.
176 3602 209 3652 p,
231 3589 332 3653 70311.
