2422 3840
125 189 191 269 438
275 203 480 259 Grammatieac
500 189 601 259 aetatis
621 206 811 261 Varronianus
830 207 992 278 fraginanta

589 376 608 433 5
631 369 680 454 [6]

193 499 334 573 compita,
352 500 387 555 ut
405 497 545 557 Trebatio
563 498 671 574 placet,
694 501 777 558 locus
798 519 832 557 ex
851 500 987 576 pluribus
1005 501 1143 576 partibus

125 588 166 646 in
191 605 222 646 se
254 587 303 645 vel
333 587 366 644 in
399 587 515 645 easdem
550 589 651 662 partes
683 608 718 646 ex
750 607 781 647 se
811 589 878 648 vias
911 593 1001 664 atque
1032 591 1143 649 itinera

126 675 268 752 dirigens,
286 677 349 736 sive
367 678 393 734 is
412 694 480 735 cum
503 695 555 734 ara
578 678 641 736 sive
660 678 722 736 sine
742 697 803 751 ara,
822 679 885 737 sive
903 678 957 737 sub
976 682 1056 738 tecto
1080 681 1143 738 sive

126 764 181 823 sub
205 765 274 824 divo
299 767 347 839 sit,
369 764 423 823 ubi
444 766 558 842 pagani
581 764 711 844 agrestes
734 765 843 825 bucina
866 767 1022 827 convocati
1035 769 1144 830 solent

100 855 208 913 ⁶cruta
235 855 311 912 inire
339 854 479 928 concilia3
511 854 580 912 hinc
608 859 637 913 et
665 855 742 914 lares
772 856 969 931 compitalicii
992 860 1022 916 et
1049 857 1143 916 feriae

125 943 353 1018 compitaliciae.

196 1058 268 1114 Seru.
293 1060 370 1114 Dura
394 1076 419 1129 p.
443 1063 470 1124 2,
485 1063 538 1114 383
567 1075 665 1123 compita
687 1094 714 1100 -
736 1076 906 1125 complanatae
942 1062 977 1128 cf.
1003 1064 1091 1131 Varro
1111 1065 1144 1117 de

125 1123 144 1184 t
161 1131 196 1184 L.
218 1135 244 1198 c,
257 1133 302 1184 25.
318 1134 360 1185 43.
390 1132 473 1214 Paul.
495 1130 567 1185 Fau.
581 1149 613 1200 p.
629 1137 673 1199 40,
689 1136 713 1186 3.
1013 1139 1047 1156 ..

199 1260 211 1306 1
232 1256 265 1307 ut
282 1254 396 1308 relatio:
415 1272 463 1308 em.
479 1254 634 1310 Salmasius
706 1264 721 1309 5
741 1255 915 1327 compitalici

481 1467 663 1522 uuouarnu
684 1469 784 1524 suors

538 1624 557 1680 c
581 1615 629 1699 [p.
651 1615 729 1700 424]

192 1762 210 1801 a
233 1763 339 1821 genere
364 1745 525 1820 quaerendi
549 1741 720 1821 quaestores
750 1749 838 1806 initio
862 1747 965 1805 dictos·
981 1749 1012 1806 et
1034 1747 1142 1808 Iunius

125 1824 177 1911 [fr.
200 1826 232 1911 1]
257 1837 287 1892 et
310 1833 466 1893 Trebatius
491 1837 521 1893 et
544 1835 710 1894 Fenestella
733 1835 874 1894 scribunt.

195 1949 263 2019 Diu.
283 1954 371 2017 1,13,
392 1956 447 2016 1,1
466 1949 604 2019 Ulpianus
628 1950 700 2005 libro
726 1951 863 2021 singulari
886 1953 921 2006 de
944 1951 1037 2005 officio
1057 1968 1144 2019 quae-

124 2019 216 2073 storis.
236 2050 269 2060 -
289 2023 318 2075 et
336 2047 350 2075 a
363 2046 443 2085 genere
457 2054 484 2060 —
497 2036 602 2076 scabunt.
639 2023 673 2088 cf.
688 2024 753 2076 qu.
775 2023 888 2078 Graecia.
908 2024 925 2076 l.
940 2039 979 2101 e.¹

507 2288 762 2438 SAUFElIUS

129 2596 134 2602 ,
196 2537 328 2603 Saufeius
360 2538 431 2592 idem
463 2554 516 2592 esse
543 2538 650 2592 uidetur
678 2544 758 2606 atque
785 2554 862 2607 eques
890 2539 1034 2593 Romuuus
1053 2540 1143 2594 Attici

124 2609 289 2674 famaliaris,
312 2609 415 2677 dequo
434 2611 468 2675 ef.
489 2609 569 2663 curu
588 2610 659 2678 Nep.
679 2611 737 2664 Au.
754 2613 830 2675 12,3
850 2616 875 2663 et
895 2610 947 2664 Oia.
968 2609 1005 2663 ud
1024 2611 1082 2664 Art.
1098 2616 1142 2675 14,

125 2683 200 2744 18,4
219 2680 255 2732 al.
275 2681 320 2748 (es.
339 2680 500 2747 Drumauu,
521 2680 613 2734 Gau.
634 2681 718 2735 Rous
737 2684 763 2746 5,
778 2683 831 2748 78).
852 2709 854 2712 >

459 2874 508 2928 EX
526 2873 683 2928 INOERTO
703 2873 809 2929 LIBRO

500 3020 551 3104 [Η
552 3027 615 3084 RR
630 3030 648 3082 1
668 3020 765 3104 Peter]

193 3149 330 3209 Saufeius
344 3149 466 3208 Latium
485 3150 598 3208 dictum
617 3152 669 3224 ait,
688 3149 766 3224 quod
785 3150 829 3209 ibi
846 3151 997 3209 latuerant
1016 3151 1142 3225 incolae,

126 3240 177 3315 qui
202 3241 344 3314 qnoniam
365 3241 397 3297 in
421 3241 501 3297 cavis
524 3239 671 3297 montium
694 3239 742 3297 vel
765 3239 889 3297 occultis
919 3241 1058 3298 caventes
1082 3241 1142 3299 sibi

127 3347 145 3388 a
176 3329 248 3387 feris
279 3328 374 3386 beluis
406 3329 454 3386 vel
487 3347 505 3386 a
537 3328 750 3386 valentioribus
783 3328 831 3386 vel
863 3347 881 3385 a
911 3329 1141 3403 tempestatibus¹

120 3416 337 3496 habitaverint,
367 3415 469 3476 Cascei
496 3418 595 3476 vocati
619 3420 697 3489 sunt,
726 3435 799 3491 quos
826 3419 939 3492 posteri
960 3416 1141 3494 Aborigines

74 3510 377 3586 ocognorninamnt
403 3508 551 3590 quoniam
575 3507 613 3570 ab
635 3509 675 3568 iis
698 3507 779 3566 ortos
800 3524 863 3565 esse
881 3507 1140 3582 recognoscebant

91 3615 129 3655 ‘⁴1
155 3601 275 3678 quibus
298 3603 438 3668 Latinos
463 3606 563 3667 etiam
588 3601 700 3664 bietos.
743 3630 746 3639 ·
