2422 3840
522 164 659 264 Didymae
1032 195 1101 260 449

84 363 177 443 ἥμισυ
206 367 283 424 teste
313 368 403 424 etiam
427 364 570 440 Didymo,
604 367 656 440 qui
683 365 739 423 hoo
765 366 852 440 ponit
882 364 1039 423 ostendens
1067 367 1100 423 in

85 456 168 514 omni
197 457 281 529 parta
315 456 459 513 orationis
489 456 519 512 ολ
548 455 777 512 aonstmctionis
810 454 981 530 analogiam
1009 451 1098 512 Grae·
1129 464 1142 505 σ

84 562 187 602 corum
200 546 316 602 secutos
332 562 394 602 assa
404 544 563 616 Romanos,
577 543 655 601 unde
667 546 697 602 et
706 542 875 601 Herodotus
890 541 947 600 inI
960 543 1100 602 historia-

85 652 154 691 rum
173 624 258 712 [50]:
283 628 419 691 ’ἐποιεῖτο
443 628 474 691 δὲ
498 629 548 690 καλ
571 628 686 702 λέοντος
704 630 804 690 εἰκόνα
827 639 937 710 χρυσοῦ
956 628 1101 707 ἀπέφθου

85 718 229 780 ἕλκουσαν
261 720 397 798 σταθμόν
428 721 555 780 τάλαντα
592 718 670 779 δέκα.
729 712 816 791 οὗτος
847 716 862 778 δ
892 717 976 796 λέων,
1009 717 1101 779 ἐπείτε

84 809 249 869 κατεκαίετο
278 807 294 870 δ
322 807 354 870 έν
377 814 519 887 Δελφοῖσι
549 807 636 885 ναός,
667 807 823 868 κατέπεσεν
853 806 911 868 ιἰπὸ
942 817 999 868 τῶν
1030 805 1100 886 ἡμι-

84 898 235 957 πλινθίων
263 891 326 979 (έπλ
347 896 403 978 γάρ
426 898 540 970 τούτοις
564 891 688 976 ἵδρυτο),
719 897 765 957 καλ
796 906 853 957 νῦν
880 903 971 957 κεῖται
999 895 1032 959 έν
1060 903 1099 976 τῷ
1115 911 1141 950 1⁰

84 987 260 1062 Κορινθίων
283 992 440 1071 θησαυρῷ,
462 985 555 1046 έλκων
573 986 710 1064 σταθμὸν
733 985 862 1064 έβδομον
882 982 1100 1064 ἡμιτάλαντον’.

85 1075 166 1135 λ’δοὺ
200 1074 283 1136 όλον
310 1073 423 1136 ἐἰπὼν
459 1075 542 1136 δέκα
574 1076 755 1135 ταλάντων
790 1080 1009 1155 γεγενῆσθαι
1041 1074 1101 1135 τὸν

85 1163 224 1242 λέοντα,
246 1153 335 1248 κᾷτα
354 1163 446 1244 λέγει
465 1163 557 1244 ἔχειν
576 1163 731 1243 ἕβδομον
750 1161 1000 1243 ἡμιτάλαντον,
1021 1186 1101 1224 του-

85 1251 201 1313 τέστιν
220 1254 257 1326 (ἐξ
281 1253 389 1332 ἥμισυ
413 1254 573 1313 τάλαντα.

157 1364 244 1417 Prisc.
259 1363 315 1414 ΙΙΙ
325 1366 416 1428 408,1
440 1377 552 1416 sestertius
565 1395 592 1401 —
605 1377 690 1427 taraus,
719 1363 753 1415 de
777 1378 832 1430 quo
856 1361 1004 1414 Arruntius
1030 1360 1100 1414 haec

85 1433 138 1486 ait:
165 1435 325 1487 ‘sestertius
348 1432 416 1487 olim
440 1433 598 1501 dupondius
622 1435 651 1486 et
673 1433 756 1486 semis
779 1432 861 1501 quasi
884 1432 968 1485 semis
990 1432 1100 1498 tertius,

85 1521 140 1572 quo
159 1507 285 1573 tempora
305 1504 436 1558 denarius
460 1504 584 1558 decussis
606 1505 739 1569 valebat’‚
758 1520 801 1558 hoc
815 1521 848 1558 αι
861 1536 888 1542 -
901 1511 1010 1553 τάλαντα.
1039 1520 1101 1571 sep-

84 1576 186 1630 timum
209 1575 418 1629 semitalentum
442 1576 513 1628 dixit
536 1592 586 1645 pro
606 1593 654 1629 sex
676 1577 759 1629 semis
782 1575 891 1628 talenta
910 1573 1101 1645 [semitalenta

85 1648 176 1702 coddx
194 1665 241 1701 em.
262 1648 394 1718 Vineam}
915 1659 917 1663 ·

158 1767 173 1813 2
189 1762 258 1815 duos
273 1764 330 1830 (em.
346 1763 400 1816 duo
412 1764 439 1817 R
449 1789 482 1808 =
494 1764 585 1817 Paria.
596 1765 678 1831 7496)
694 1763 721 1816 R
731 1763 839 1816 Amica.
855 1762 911 1814 dua
923 1763 1015 1815 Ρανίο.
1027 1765 1101 1816 7530

87 1838 120 1885 12
138 1831 562 1887 ΕΙΔΟΙΛωΝΕΥΠωΝΔΕΚΑ
580 1836 687 1888 Amica.
713 1831 1101 1887 ΕΙδΟΥΑωΝΙΠωΝδΕΚΑ

86 1903 259 1974 Ιιιιρά-Βαί.

547 2041 565 2097 5
590 2032 638 2117 [5]

145 2157 264 2234 Ἴωνες
291 2159 350 2221 καλ
376 2155 525 2223 ’Λττικολ
548 2160 586 2221 τὰ
610 2161 674 2221 δύο
702 2161 812 2239 ἥμισυ
840 2160 949 2238 ἥμισυ
977 2160 1099 2238 τρίτον

86 2251 208 2327 φασίν,
231 2250 289 2310 καλ
314 2249 351 2310 τὰ
368 2252 407 2324 ἓξ
431 2251 539 2329 ἥμισυ
557 2251 709 2309 τάλαντα
733 2247 889 2328 ἕβδομον
907 2246 1098 2327 ἡμιτάλαν-

85 2362 146 2399 τον
166 2338 223 2398 καλ
237 2338 320 2411 τοὺς
333 2337 505 2420 τέσσαρας
524 2339 633 2417 ἥμισυ
647 2339 771 2416 πήχεις
789 2336 952 2416 πέμπτην
967 2343 1099 2398 σπιθα-

86 2428 165 2506 μήν,
184 2428 345 2506 καθάπερ
365 2426 476 2504 φησὶν
491 2421 679 2505 Ἡρόδοτος
700 2422 843 2507 [2,106].
872 2447 888 2482 a
908 2447 924 2482 a
947 2424 1099 2506 προθεὶς

85 2515 121 2575 τὸ
148 2510 255 2594 [PLG
277 2516 387 2575 Ανυλιλί.
409 2520 472 2576 104
487 2511 615 2596 Bequ4]
641 2512 693 2576 εἕν
717 2513 752 2575 δὲ
775 2511 1039 2591 Βατουσιάδης’
1063 2513 1099 2575 έν
1127 2535 1138 2575 ι

85 2610 129 2688 τῷ
149 2603 227 2682 περὶ
251 2614 425 2683 μουσικῆς
444 2603 605 2684 ἐπιφέρει
630 2601 764 2685 (τρίτον
785 2599 996 2682 ἡμιπόδιον’
1020 2602 1099 2664 ιἰντλ

85 2701 147 2753 τοῦ
166 2693 229 2753 δύο
248 2693 356 2770 ἥμισυ
375 2693 490 2764 πόδες.
528 2692 582 2753 καλ
604 2692 777 2772 καθόλου,
798 2693 882 2754 όταν
899 2693 1099 2771 βούλωνται

86 2780 244 2860 ἀριθμόν
271 2804 349 2841 τινα
378 2782 511 2858 δηλοῦν
538 2780 596 2841 καλ
625 2781 751 2861 μόριόν
774 2805 805 2842 τι
828 2782 1098 2864 προσκείμενον,

86 2871 122 2931 τὸ
156 2869 346 2949 ὁμώνυμον
378 2879 438 2930 τοῦ
471 2869 629 2950 ἀριθμοῦ
661 2869 715 2932 ιἰελ
747 2881 808 2931 τοῦ
839 2872 1098 2943 πλεονάζοντος

86 2960 254 3037 λαβόντες
276 2960 313 3020 τὸ
336 2959 420 3020 όλον
445 2960 564 3037 φασίν,
590 2954 668 3020 σίου
692 2959 730 3020 τδι
749 2961 786 3033 ἓξ
810 2960 919 3038 ἥμισυ
942 2957 1097 3039 ἕβδομον
1112 2980 1138 3020 ιο

85 3048 195 3126 ἥμισύ
210 3066 330 3127 φασιν,
349 3057 410 3108 τοῦ
425 3047 509 3109 έπτδι
528 3047 693 3127 ἕβδομον,
712 3045 750 3121 ὃς
765 3049 894 3126 μονάδι
913 3050 1098 3121 πλεονάζει

86 3147 147 3196 τοῦ
181 3136 229 3215 ἕξ,
265 3138 302 3198 τὸ
336 3135 526 3216 ὁμώνυμον
558 3138 735 3218 λαβόντες.
781 3137 840 3198 καλ
868 3134 1029 3216 Ῥωμαῖοι
1062 3135 1098 3198 δέ

85 3225 346 3305 εὑρεθήσονται
369 3228 483 3313 τούτῳ
507 3227 680 3307 χρεόμενοι
703 3232 747 3311 τῷ
771 3227 928 3306 σχήματι.
970 3226 1009 3285 τὰ
1032 3224 1097 3306 γὰρ

87 3315 150 3374 δάο
170 3316 277 3393 ἥμισυ
301 3315 465 3396 ἀσσάρια,
489 3316 575 3395 άπερ
598 3310 641 3395 ἧν
660 3314 811 3394 τέσσαρα
834 3325 896 3375 τοῦ
921 3316 1097 3395 δηναρίου

86 3398 271 3485 (δέκαηιδιρ
294 3402 450 3482 ἠδύνατο
478 3403 629 3485 άσσάρια
653 3405 688 3466 τὸ
713 3405 906 3484 δηνάριον,
932 3401 983 3472 λος
1005 3401 1162 3457 &mm

86 3489 251 3572 λέγουσιν
279 3495 446 3555 denarius
473 3492 568 3575 παρὰ
594 3494 632 3558 τὸ
658 3496 755 3577 δῆυα
783 3478 1151 3572 έσηηραυισρέυσεῂ,

79 3579 313 3660 σηστέρτιοόμ
332 3602 457 3665 φασιν,
476 3597 543 3650 τοῦ
565 3585 632 3678 μέν
654 3606 702 3668 ση
721 3585 764 3648 τὶ)
781 3585 908 3664 ἣμισυ
930 3572 1182 3646 δηδῦὤνωςλ

117 3685 286 3731 θιιιπωιτίαιιο
299 3693 424 3738 Romanae
441 3701 588 3751 fragmenta
609 3703 647 3744 ad.
662 3702 811 3742 Fumom
906 3677 950 3728 Ἢ
