2422 3840
114 209 152 262 VI
549 206 691 261 Praefatio

181 381 212 436 'm
240 377 387 436 indicibus
411 377 598 436 conficiendis
622 379 746 435 comiter
767 395 814 433 me
838 376 1016 434 adiuverunt
1039 377 1128 432 amici

115 470 223 543 optimi
249 467 462 525 IAisiermann
490 469 520 524 et
544 465 698 538 PBeoker‚
728 467 879 523 seminarii
906 464 1127 542 philologorum

115 557 279 616 Bonnensis
304 557 441 614 seniores.
479 557 511 612 in
534 555 611 613 libro
631 556 731 612 autem
755 553 936 612 emendando
954 553 1035 611 ultro
1054 553 1128 610 mihi

115 647 235 720 operam
254 644 336 703 dedit
352 643 526 717 FSolmsen,
545 644 597 719 qui
611 662 720 720 magna
739 662 774 701 ex
787 645 872 718 parte
888 642 1026 719 plagulas
1040 643 1127 718 legii3

114 752 169 793 nee
187 734 282 792 defuit
293 733 411 792 Vitellii
429 735 568 808 prompta
586 732 724 791 voluntas
739 733 967 806 auoiomiasque.
996 732 1127 790 consiliis

115 825 207 882 etiam
220 823 411 882 FRamorino
431 825 461 880 et
475 820 670 880 RSabbadiui
688 840 734 879 me
755 821 939 880 adiuverunt.
972 821 1018 878 his
1034 822 1128 879 omni-

114 910 171 970 bus
194 914 267 971 viris
291 914 420 988 gratiam
443 909 536 970 habeo
558 928 706 988 magnam.
741 911 791 969 sed
814 909 926 968 nemini
944 911 1063 968 1511111111
1081 929 1128 966 me

116 1000 220 1060 debere
238 1001 379 1076 profiteor
398 1002 542 1076 quantum
560 999 749 1072 Bueohelero,
768 1000 889 1074 eiusque
907 1017 1015 1057 nomen
1030 1001 1129 1074 auspi·

116 1091 300 1148 ratissimum
318 1090 389 1148 libri
407 1087 559 1147 exordium
578 1107 640 1148 esse
659 1089 751 1162 volui,
770 1091 804 1146 111
822 1107 900 1163 quae
919 1087 956 1146 ab
976 1107 1009 1146 eo
1029 1090 1130 1162 aeeepi

116 1181 144 1237 ei
162 1179 324 1237 redderem.
360 1197 420 1237 non
439 1178 535 1236 solum
554 1181 633 1236 enim
650 1177 769 1252 publice
789 1181 819 1235 et
836 1179 979 1253 privatim
997 1176 1128 1235 docendo

117 1271 220 1326 auctor
238 1271 268 1326 et
286 1267 345 1326 dux
363 1269 461 1342 operis
480 1268 546 1340 fuit,
565 1267 616 1326 sed
634 1269 666 1324 in
684 1266 815 1344 plagulis
834 1269 925 1325 etiam
939 1265 1129 1324 emendandis

115 1357 211 1415 multa
230 1359 260 1415 et
278 1357 403 1432 pulohra
417 1355 541 1429 addidit,
560 1357 714 1431 complura
728 1355 805 1414 falsa
818 1357 930 1428 reieoit,
949 1354 1010 1412 alia
1023 1373 1130 1412 manea

116 1446 267 1521 supplevit
291 1449 343 1504 aut
367 1445 537 1504 obscuriora
558 1445 731 1504 illustravit.
770 1444 848 1520 quod
868 1446 895 1504 51
913 1447 1022 1517 tamen,
1045 1462 1130 1518 prae·

117 1537 301 1594 stantissime
325 1536 482 1612 magister,
509 1535 565 1593 hoa
587 1535 698 1592 donum
720 1553 821 1592 meum
843 1551 959 1591 summo
982 1534 1047 1592 viro
1070 1551 1130 1590 non

116 1626 189 1682 satis
211 1624 333 1701 dignum
353 1625 406 1696 est,
429 1624 522 1682 Plinii
539 1622 681 1681 verbam
699 1624 873 1681 memoriam
890 1622 1008 1700 redigas
1027 1621 1130 1680 velim:

118 1707 175 1771 ‘dis
202 1714 280 1772 laete
306 1715 413 1772 rustici
439 1713 611 1787 multaeque
639 1714 741 1789 genios
769 1714 799 1770 51
825 1711 906 1770 mola
933 1712 1023 1769 litant
1051 1709 1130 1769 sadsa

118 1805 247 1877 quinon
265 1801 377 1861 habent
394 1806 472 1876 tura,
495 1820 548 1860 neo
566 1802 622 1859 ulli
639 1801 698 1858 11111
715 1802 790 1878 vitio
809 1801 879 1859 deos
899 1800 992 1858 eolere
1011 1818 1130 1875 quoquo

116 1890 204 1950 modo
227 1887 347 1967 posset'.

184 2015 299 2075 Dabam
324 2016 446 2075 Bonnae
468 2034 567 2076 mense
589 2016 725 2093 Augusto
749 2013 904 2074 MOMVII.
