2422 3840
107 170 174 234 530
273 173 479 231 Grammaticae
499 179 602 232 aetatis
621 179 782 247 Augustaae
801 177 961 246 fragmenta

181 332 248 388 Geli.
270 339 295 401 5,
311 340 368 403 8,1
392 352 440 400 ipse
455 351 565 400 Quirinali
578 370 606 377 —
619 355 703 401 potasti
735 337 820 391 immo
839 337 900 406 ipse
924 337 1054 408 Hyginus
1077 354 1127 408 pa-

108 421 170 456 rum
194 406 392 462 animadvertit
416 409 456 463 sio
479 410 532 463 hoc
558 425 617 463 esse
641 408 760 474 dictum,
783 410 816 461 ut
838 409 971 477 pleraque
996 409 1053 462 dici
1078 428 1128 478 per

109 475 296 532 defectionem
315 480 519 550 [defensionem
538 481 626 551 codd]
647 479 744 533 solent.
776 481 866 550 pergit
887 481 971 534 Gellii
987 482 1126 547 refutatio.

109 547 201 602 eadem
218 550 275 615 fere
294 551 417 606 Macrob.
434 557 460 619 6,
479 557 536 619 8,1
563 554 607 622 (cf.
628 552 700 606 Sero.
720 554 789 605 Aea.
804 557 830 617 1,
850 555 903 616 75).
931 552 965 605 de
984 553 1053 606 lituo
1074 553 1127 608 Oie.

109 620 142 673 de
165 619 219 674 dio.
240 627 265 688 1,
289 626 332 676 30.
366 625 440 679 Pici.
466 626 544 679 Bora
568 627 613 677 22.
648 624 719 678 Seru.
744 624 814 677 Aea.
840 626 947 689 7,187.
979 623 1065 678 OGL
1084 623 1132 678 IV

109 695 171 759 450,
189 696 232 747 21.
259 694 285 747 V
300 697 364 761 368,
379 698 422 749 35.

179 935 390 1016 ‘Daedalua
413 945 452 1001 ut
470 944 564 1001 fama
584 946 650 1016 est,
673 942 816 1019 fugiens
835 941 972 1000 Minoia
990 937 1133 1022 regna)

111 1031 344 1107 praepetibus
367 1033 494 1108 pennis
519 1050 624 1091 ausus
644 1051 679 1090 se
699 1030 840 1089 credere
865 1028 990 1090 caelo'.
1033 1035 1065 1090 in
1084 1034 1130 1091 his

111 1119 239 1202 Vergilii
262 1121 394 1179 versibus
423 1114 510 1199 [Aea.
533 1114 631 1199 6314]
660 1120 849 1195 reprehendit
871 1120 967 1179 Iulius
990 1120 1130 1200 Hyginus

114 1204 229 1284 ‘pennis
261 1204 467 1286 praepetibus'
507 1211 592 1284 quasi
624 1209 775 1285 inproprie
808 1211 837 1268 et
868 1210 975 1268 inscite
1009 1210 1130 1268 dictum.

86 1315 191 1356 anam
222 1302 411 1375 praepetes
444 1299 544 1373 inquit
576 1317 657 1357 aves
693 1298 733 1356 ab
772 1299 969 1375 auguribus
1007 1301 1131 1376 appel·

113 1388 244 1462 luatur,
265 1407 354 1463 quae
373 1390 436 1445 aut
450 1389 650 1463 opportune
669 1387 888 1462 praevolant
902 1391 965 1445 aut
982 1388 1131 1447 idoneas

115 1476 214 1536 sedes
242 1479 399 1553 capiunt.
453 1494 513 1533 non
542 1479 611 1552 apte
638 1477 733 1553 igitur
759 1495 845 1534 usum
873 1476 964 1534 verbo
993 1478 1133 1555 augurali

115 1568 297 1625 existimavit
315 1567 347 1623 in
361 1565 488 1623 Daedali
505 1565 610 1624 volatu
628 1565 704 1622 nihil
723 1565 761 1622 ad
776 1584 923 1642 augurum
942 1565 1132 1642 disciplinam

114 1658 290 1731 pertinente.

189 1753 256 1808 Geli.
278 1758 303 1820 7,
323 1757 380 1818 6,1
399 1766 511 1806 Daedalus
524 1784 552 1791 —
565 1767 694 1815 pertinento.
723 1753 771 1805 sed
787 1751 916 1820 Hyginus
935 1752 1019 1805 nimis
1038 1752 1132 1806 hercle

115 1824 227 1892 ineptus
246 1824 309 1888 fuii,
329 1841 393 1877 cum
411 1823 479 1891 quid
497 1826 645 1892 praepetes
665 1826 757 1876 essent
776 1841 805 1876 se
820 1823 890 1877 scire
904 1824 983 1877 ratus
998 1826 1049 1888 est,
1064 1824 1133 1877 Ver-

115 1896 214 1965 gilium
234 1898 329 1949 autem
352 1898 380 1948 at
406 1893 453 1949 On.
474 1895 592 1948 Matium
618 1894 732 1948 doctum
750 1894 839 1948 virum
857 1895 1011 1963 ignorasse,
1036 1897 1085 1962 qui
1104 1896 1133 1947 in

116 1968 238 2021 secundo
258 1966 390 2037 [septimo
416 1967 513 2021 Carrio
531 1969 589 2021 coll.
609 1969 631 2020 I
632 1969 647 2020 i.
670 1971 695 2031 7,
713 1971 767 2020 291
781 1966 831 2037 op]
859 1965 957 2019 Iliadis
976 1965 1134 2020 Victoriam

116 2038 255 2092 volucrem
270 2039 432 2106 praepetem
447 2036 601 2106 appellavit
619 2037 649 2090 in
668 2037 720 2090 hoo
734 2055 815 2090 versu
834 2037 928 2108 [FPR
943 2042 960 2092 3
975 2038 1036 2108 B.]:
1054 2038 1133 2091 ‘dum

45 2127 49 2132 ·
117 2110 167 2163 dat
186 2109 316 2162 vincendi
338 2125 456 2177 praepes
475 2107 601 2162 Victoria
624 2107 768 2176 palmam’.
806 2111 839 2176 cf.
860 2110 926 2178 Νέᾳ.
947 2110 1011 2178 Fa.
1031 2111 1067 2175 fr.
1088 2114 1133 2164 38.

117 2181 190 2235 Fert.
206 2200 236 2250 p.
256 2184 337 2246 245⁶,
356 2185 401 2234 22.
428 2180 500 2233 Sera.
520 2180 680 2233 Deianira.
698 2184 781 2246 6,15.
802 2184 827 2245 3,
846 2184 909 2234 246.
928 2184 955 2245 4,
974 2184 1036 2233 462.
1064 2181 1133 2233 isid.

117 2270 156 2307 or.
171 2257 215 2319 12,
227 2257 252 2317 7,
262 2256 304 2305 77.
334 2253 464 2306 Ps-Acro
478 2251 548 2305 Hor.
569 2268 649 2305 carni.
661 2255 687 2316 3,
696 2255 742 2316 27,
753 2257 795 2304 11.
817 2251 901 2306 GGL
916 2251 964 2303 IV
975 2255 1041 2317 269,
1053 2257 1078 2305 5.
1090 2256 1133 2306 53.

576 2405 597 2459 7
621 2395 669 2480 [4]

185 2508 376 2584 reprehendit
407 2507 546 2584 Hyginus
576 2507 743 2585 Vergilium
776 2512 1035 2583 correcturumque
1068 2529 1135 2567 eum

122 2601 212 2656 fuisse
236 2598 394 2670 existimat,
423 2597 501 2672 quod
524 2598 556 2653 in
579 2596 656 2655 libro
680 2600 761 2655 sexto
786 2590 879 2675 [365]
909 2597 1054 2672 scriptum
1083 2601 1135 2657 est.

123 2687 282 2745 Palinurus
313 2688 359 2744 est
389 2687 462 2761 aput
493 2685 603 2745 inferos
635 2689 738 2760 petens
769 2686 806 2743 ab
836 2684 951 2759 Aenea,
983 2690 1018 2744 ut
1048 2706 1136 2745 suum

123 2793 228 2850 eorpus
256 2775 464 2848 requirendum
493 2777 522 2831 et
550 2774 750 2849 sepeliendum
779 2776 869 2832 curet.
915 2775 940 2832 is
971 2775 1027 2833 hoo
1051 2776 1136 2834 dicit:

94 2860 236 2940 5‘eripe
256 2883 306 2921 me
325 2863 394 2936 his,
418 2863 569 2935 invicte,
588 2863 707 2935 malis,
729 2865 790 2920 aut
808 2865 847 2920 tu
865 2863 952 2921 mihi
971 2866 1105 2923 terram
1126 2858 1139 2942 l

120 2955 229 3027 inice,
256 2971 406 3026 namque
430 2954 545 3028 potes,
573 2956 773 3027 portusque
796 2953 939 3026 require
962 2949 1134 3012 Velinos'.

122 3061 189 3117 quo
208 3041 310 3116 inquit
327 3040 428 3100 modo
448 3042 510 3098 aut
523 3041 718 3099 Palinurus
736 3042 880 3100 novisse
898 3044 932 3099 et
950 3045 1137 3101 nominare

121 3133 243 3207 potuit
272 3133 398 3204 portus
422 3130 566 3188 Velinos
597 3133 658 3187 aut
687 3130 824 3188 Aeneas
855 3149 894 3188 ex
925 3149 963 3188 co
993 3134 1136 3190 nomine

122 3221 237 3279 locum
252 3219 428 3292 invenire,
449 3236 524 3276 cum
538 3219 638 3276 Velia
658 3219 842 3295 oppidum,
862 3238 961 3293 aquo
980 3225 1137 3295 portum,

81 3309 183 3385 ioqui
213 3310 249 3366 in
273 3327 312 3366 eo
340 3307 418 3367 loco
447 3309 513 3381 est,
536 3307 697 3366 Velinum
726 3308 832 3380 dixit,
864 3307 989 3367 Servio
1014 3309 1137 3368 Tullio

112 3399 248 3458 Romae
276 3399 454 3478 regnante
477 3399 559 3476 post
587 3415 714 3454 annum
739 3397 892 3472 amplius
923 3400 1137 3458 sescentesi-

97 3512 208 3568 mum,
238 3512 348 3570 quam
366 3490 514 3554 Aeneas
536 3492 578 3552 in
592 3487 746 3550 ltaliam
764 3487 881 3558 11111,
899 3487 1079 3546 conditum
1101 3491 1137 3545 in

84 3601 182 3662 agro
207 3583 370 3651 Lucano
400 3591 437 3651 et
462 3607 507 3650 eo
535 3585 691 3648 nominc
717 3575 950 3656 appellatum
969 3571 1041 3628 aaut
1074 3592 1154 3628 nam
