2422 3840
436 190 473 244 M.
493 190 606 243 Verrius
625 191 740 244 Flaccus
1029 189 1092 253 517

81 357 159 433 quod
175 353 248 434 <in>
263 359 470 416 semivocalem
485 358 631 433 desinant,
650 361 768 417 sciant
784 359 884 432 inquit
902 379 916 416 z
931 359 1093 418 litteram

81 447 119 506 sd
147 447 259 506 scribi
287 446 328 505 ab
356 448 403 505 iis
432 449 492 523 qui
522 449 653 522 putant
681 448 782 504 illam
809 467 848 506 ex
872 465 885 506 s
909 447 986 505 std
1013 466 1094 507 con-

81 541 191 609 stare,
215 538 253 593 ut
277 538 352 594 sine
376 535 485 594 dubio
509 538 606 594 muta
629 537 793 594 finiatur.
1110 547 1122 586 o

157 634 212 688 Vel.
228 636 316 704 Loap.
331 652 357 701 p.
373 640 417 700 51,
433 640 447 688 1
467 649 547 689 venio
560 667 586 674 -
600 647 697 688 finiatur.
724 634 795 686 mihi
809 633 920 687 videtur
932 650 985 688 nec
1004 634 1097 688 aliena

82 705 226 777 <Latino>
247 705 369 758 sermoni·
384 706 480 772 fuisse,
500 723 562 759 cum
580 705 739 758 inveniatur
757 706 787 758 in
806 704 929 758 carmine
944 705 1048 770 saliari,
1069 708 1097 759 et

82 793 141 830 esse
166 776 290 843 alludi,
317 776 394 829 aliud
414 773 497 846 σίγμα
516 777 564 830 καὶ
584 780 613 842 d,
636 793 688 830 nec
712 777 830 829 eandem
851 777 1022 844 potestatem
1045 793 1097 830 nec

82 849 201 900 eundem
224 864 323 901 sonum
346 863 419 916 esse,
443 848 492 901 sed
515 849 669 901 secundum
692 847 814 902 diversas
839 846 974 902 dialectos
994 847 1097 918 [idest

81 918 206 989 linguas]
225 918 374 973 enuntiari.
411 919 445 985 cf.
466 921 593 985 Rilrbcck,
612 919 664 973 Ra.
686 921 932 986 Mos112,419sq.

154 1025 258 1096 2d]p
336 1025 400 1079 3in
419 1027 482 1080 add.
503 1027 569 1081 Keil
647 1026 715 1079 4sd
735 1027 859 1080 Keilicm
877 1032 983 1080 securos
1000 1027 1099 1094 scripsi

83 1097 123 1151 sic
141 1098 218 1152 codd.
238 1097 331 1168 (per)
352 1098 384 1149 sd
404 1098 469 1152 Keil
488 1097 528 1151 sic
547 1099 576 1166 (i
596 1115 616 1151 e.
637 1097 678 1166 ds)
698 1113 754 1150 non
773 1115 793 1149 s.
815 1098 894 1152 Ribb.
968 1097 1009 1167 s]c

570 1249 612 1306 13

149 1374 208 1412 non
227 1354 304 1410 nulli
322 1354 400 1411 circa
419 1354 616 1430 synaloephas
636 1374 753 1430 quoquo
773 1353 988 1414 observandam
1006 1355 1099 1413 talem

82 1443 274 1518 scriptionem
310 1444 570 1515 existimaverunt,
611 1446 689 1503 sicut
721 1443 844 1502 Verrius
879 1444 1018 1517 Flaccus,
1056 1446 1099 1519 ut,

82 1532 262 1605 ubicumque
285 1533 384 1605 prima
403 1550 460 1589 vox
482 1552 513 1589 m
531 1533 633 1591 littera
651 1532 796 1607 finiretur,
820 1551 945 1608 sequens
965 1551 983 1588 a
1002 1533 1099 1591 vocali

83 1622 235 1695 inciperet,
254 1640 284 1675 m
302 1638 361 1677 non
379 1621 445 1677 tota
464 1621 515 1678 sed
533 1640 602 1695 pars
621 1622 702 1680 illius
721 1624 804 1696 prior
822 1624 941 1680 tantum
960 1620 1099 1680 scribere·

82 1713 141 1781 tur,
166 1711 199 1765 ut
224 1711 380 1783 appareret
404 1710 529 1783 exprimi
552 1729 610 1767 non
635 1710 748 1769 debere.
1114 1717 1126 1756 ὅ

161 1808 214 1860 Ver.
234 1807 322 1876 Locp.
337 1824 366 1874 p.
383 1812 480 1873 80,18
497 1833 543 1861 non
557 1822 614 1862 num
628 1841 654 1848 -
668 1823 753 1863 debere.

158 1920 170 1966 1
187 1914 350 1981 synaliphas
361 1930 471 1981 quoque
482 1915 556 1967 circa
566 1914 624 1967 obs.
635 1915 747 1981 qualem
788 1921 804 1967 4
818 1917 908 1968 totam
950 1919 965 1967 5
981 1916 1100 1984 apparet

571 2068 612 2123 14

150 2171 342 2230 inveniuntur
361 2172 483 2247 quidam
501 2175 634 2230 veterum
654 2175 744 2230 etiam
767 2173 840 2230 haec
859 2173 936 2230 allex
957 2173 1099 2231 feminino

84 2279 189 2336 genere
208 2261 377 2335 protulisse,
400 2260 480 2336 quod
500 2259 595 2336 (iapor
613 2262 743 2320 ostendit
762 2262 797 2320 de
817 2261 915 2319 dubiis
933 2260 1100 2338 generibus

83 2349 223 2406 Verrium
246 2349 384 2408 Flaccum
408 2350 540 2425 posuisse
564 2350 686 2408 allecem
709 2351 786 2408 hauc
810 2350 917 2408 dicens.

155 2449 242 2501 Prisc.
262 2465 292 2516 p.
311 2451 407 2513 212,4
435 2447 463 2500 in
488 2464 503 2500 c
527 2448 581 2500 duo
602 2450 667 2500 sunt
685 2448 795 2517 generis
819 2448 926 2515 neutri,
948 2448 993 2501 lac
1017 2447 1099 2502 lactis

86 2550 115 2555 —
138 2520 166 2570 et
185 2517 257 2572 allec
276 2517 381 2572 allecis.
401 2550 434 2558 -
453 2533 600 2573 inveniuntur
621 2522 717 2572 tamen
741 2533 832 2582 quidam
846 2553 872 2558 —
886 2535 967 2574 dicens.
996 2521 1099 2574 Arrecd.

85 2589 122 2642 H.
138 2607 168 2656 p.
185 2593 246 2656 120,
266 2594 300 2643 13
325 2588 484 2642 Priscianus
505 2589 700 2644 autemdicit:
720 2622 754 2629 -—
774 2590 860 2644 etiam
878 2591 949 2644 haec
968 2591 1041 2644 allex
1059 2590 1100 2644 fe·

84 2660 190 2712 minino
210 2676 311 2729 genere
328 2660 442 2715 Verrius
463 2660 543 2727 dixit,
562 2661 679 2715 allecem
698 2663 779 2715 hanc.

573 2811 613 2869 15

152 2918 251 2976 clunes
275 2950 317 2958 -
338 2918 461 2976 Verrius
485 2919 608 2977 Flaccus
631 2919 796 2978 masculino
821 2938 927 2996 genere
951 2919 1010 2977 dici
1032 2938 1099 2994 pro·

82 3007 145 3080 bat,
164 3010 304 3081 quoniam
322 3009 368 3065 nis
383 3007 498 3083 syllaba
516 3009 677 3066 terminata
696 3009 796 3066 anima
815 3011 947 3066 carentia
966 3009 1099 3066 nomina-

83 3097 146 3154 tivo
162 3097 307 3172 singulari
320 3097 484 3154 masculina
499 3100 577 3170 sunt,
593 3100 627 3155 ut
640 3097 729 3172 panis
743 3099 817 3156 cinis
832 3099 922 3155 crinis
937 3099 967 3154 et
982 3097 1098 3156 similia.

157 3195 236 3248 Olscr.
252 3212 282 3262 p.
299 3200 360 3260 101,
374 3199 391 3248 4
405 3197 449 3263 (=
465 3196 539 3248 Pliri.
555 3195 618 3249 dub.
633 3211 710 3249 serra
726 3212 755 3262 p.
772 3199 817 3260 63,
832 3199 849 3248 9
864 3196 910 3254 Β.)
930 3211 1006 3248 omnes
1019 3193 1100 3247 femi·

83 3265 150 3318 nino
165 3281 267 3333 genere
282 3265 354 3318 dixit
368 3265 497 3319 Melissus
513 3267 559 3336 [fr.
570 3266 606 3336 4].
623 3266 672 3318 sed
686 3281 777 3320 Verrius
786 3299 813 3305 -
822 3280 910 3320 simma.
938 3267 1018 3320 Beda
1032 3267 1099 3320 ortis.

79 3353 109 3405 p.
120 3340 185 3401 266,
197 3342 214 3389 6
227 3352 304 3390 elimes
312 3369 339 3375 -
348 3352 474 3391 Verrius-
484 3353 570 3399 probat.
593 3339 627 3402 Cf.
640 3336 728 3405 Caper
741 3338 773 3392 de
787 3339 855 3392 verb.
867 3339 929 3392 dub.
940 3355 970 3405 p.
982 3341 1099 3403 108,17.

84 3407 171 3462 Prisc.
187 3426 216 3476 p.
232 3413 352 3473 160,11.
380 3409 453 3463 Sero.
469 3411 654 3474 necasse
683 3410 927 3477 Noc.p.196,3s.
955 3408 1114 3458 sttdettss.

83 3480 122 3532 ad
141 3480 157 3531 l.
173 3496 194 3532 c.

151 3592 168 3636 2
185 3585 229 3637 nis
247 3587 317 3641 Keil
333 3605 367 3642 ec
380 3607 436 3646 exc.
453 3591 525 3647 Bob.
546 3590 634 3647 erar.
654 3607 683 3660 p.
702 3591 770 3654 555,
786 3588 825 3639 25
846 3587 876 3635 et
895 3594 933 3630 oc
947 3553 1174 3624 Scrmffi'm'*
