2422 3840
353 218 356 222 -
444 185 481 240 M.
500 185 648 241 Terentius
667 187 755 241 Varro
1048 188 1113 252 181

82 345 230 407 „mammas
249 349 346 416 posset
363 346 518 415 publicare,
539 347 606 401 data
621 347 715 401 Marco
729 347 850 402 Varroni
865 365 933 402 cura
951 366 1115 418 comparan-

91 418 192 473 darum
212 433 246 472 ao
265 417 484 488 digerendamm
503 419 541 489 [a.
563 418 683 489 707147]
702 420 737 487 cf.
757 421 826 474 Irid.
845 437 884 474 or.
905 425 1011 488 6,5,1.
1055 456 1058 460 Α

162 503 205 552 14.
230 500 306 553 Plin.
330 516 357 551 a.
377 500 402 552 t.
428 503 521 565 7,115
555 500 593 553 M.
612 498 746 552 Varronis
767 499 803 552 ‘in
832 499 1013 568 bibliotheca,
1042 517 1115 569 quae

77 570 183 639 prima
201 570 231 623 in
246 569 312 624 orbe
332 570 369 623 ab
383 570 481 624 Asinio
495 570 623 625 Pollione
638 587 672 624 ex
686 571 828 626 manubiis
847 571 994 640 publicata
1008 572 1115 628 Romae

91 644 144 709 est,
164 641 248 695 unius
267 641 387 696 viventis
406 643 501 711 posita
520 642 615 712 imago
635 646 686 696 est.

163 727 206 778 15.
227 721 281 777 Cic.
297 723 376 777 acad.
391 730 463 791 post.
483 728 539 790 1‚9
558 723 608 794 [ad
628 723 789 792 Varronem]
809 739 860 776 nos
880 723 910 776 in
930 726 1027 778 nostra
1045 723 1115 779 urbe

84 793 1116 921 ‘tittllllttt‘llltlt,litut„lllllttlallisit?

80 919 255 1007 agnoscere(
288 938 320 990 tu
340 884 601 1006 aeritenppstriae,
624 940 656 990 tu
667 883 875 1006 siliscripticllnes
894 910 1116 1007 temporanei

90 1023 234 1062 sacrorum
259 1008 336 1074 iura,
364 1010 395 1060 tu
422 1009 612 1075 sacerdotum,
640 1010 673 1062 tu
699 1007 896 1075 domesticam,
925 1011 957 1063 tu
982 1009 1115 1063 bellicam

89 1079 280 1148 disciplinam,
299 1082 331 1132 tu
346 1079 442 1133 sedem
456 1080 604 1150 regionum
618 1079 752 1146 locorum,
771 1081 804 1132 tu
816 1081 941 1134 omnium
955 1079 1115 1135 divinarum

89 1151 332 1218 humanarumque
351 1167 444 1204 rerum
467 1151 582 1206 nomina
605 1167 709 1222 genera
733 1150 826 1205 officie
850 1168 949 1205 causas
978 1152 1115 1220 aperuisti

88 1221 298 1292 plurimumque
317 1222 393 1276 idem
412 1223 504 1291 poetis
524 1223 628 1277 nostris
648 1222 817 1290 omninoque
834 1222 943 1276 Latinis
964 1226 992 1276 et
1010 1221 1114 1279 litteris

89 1293 207 1348 luminis
227 1297 256 1348 et
274 1293 367 1349 verbis
392 1293 515 1348 attulisti
539 1296 624 1362 atque
647 1295 710 1363 ipse
727 1294 837 1347 vamum
856 1296 884 1348 et
903 1294 1019 1366 elegans
1038 1295 1115 1349 omui

76 1365 149 1424 ⁴fere
172 1382 288 1419 numero
317 1370 418 1434 poema
443 1365 538 1420 fecisti
564 1364 829 1436 philosophiamque
854 1365 953 1421 multis
978 1364 1048 1421 locis
1072 1367 1116 1420 in-

89 1437 215 1503 choasti,
244 1437 281 1490 ad
306 1436 510 1506 impellendum
536 1437 620 1503 satis,
649 1437 686 1491 ad
711 1437 886 1492 edocendum
911 1454 1020 1507 parum.
1060 1438 1114 1493 oie.

89 1509 173 1567 Brut.
190 1513 226 1563 60
248 1508 337 1562 Varro
356 1511 452 1563 noster
471 1507 708 1579 diligentissimus
727 1508 915 1580 investigator
934 1509 1114 1578 antiquitatis

90 1581 146 1636 Or'c.
161 1581 200 1634 ad
217 1581 274 1634 Art.
295 1584 431 1647 13,18‚2
451 1580 512 1649 ipse
532 1580 649 1651 [Varro]
669 1580 752 1634 homo
772 1580 1028 1650 πολυγραφώτατος

163 1665 207 1714 16.
228 1660 288 1714 Vol.
305 1662 387 1716 Mox.
395 1665 423 1727 8,
435 1665 452 1714 7
452 1665 489 1727 ,3
507 1661 656 1714 Terentius
673 1662 768 1714 autem
778 1659 868 1715 Varro
883 1661 1025 1715 humanae
1039 1661 1114 1715 vitae

90 1730 202 1800 expleto
218 1732 310 1800 spatio
325 1749 382 1785 non
397 1732 487 1796 annis,
506 1731 609 1800 quibus
625 1731 731 1785 saeculi
746 1734 857 1800 tempus
872 1733 1012 1800 aequarit,
1030 1750 1115 1800 quam

90 1801 157 1857 stilo
177 1803 299 1887 yivacior
322 1804 391 1870 t'uit3
417 1803 447 1856 in
471 1803 670 1927 eodemtenitm
692 1803 797 1927 lecttulo
816 1806 845 1856 et
865 1803 981 1872 spiritus
1006 1804 1066 1858 eius
1086 1806 1115 1858 et

89 1890 267 1945 egregiorum
287 1890 404 1943 operum
423 1891 520 1929 cursus
540 1892 574 1928 ex
587 1891 634 1928 inc
648 1891 681 1928 us
701 1890 752 1928 es.

162 1959 206 2008 17.
227 1954 462 2024 Qaiot.10,1,95
481 1955 600 2008 alterum
615 1954 688 2009 illud
702 1955 790 2008 etiem
803 1955 882 2023 prius
898 1957 1009 2009 saturae
1025 1971 1113 2024 genus

90 2026 140 2080 sed
163 2043 220 2079 non
244 2025 304 2079 sola
328 2026 484 2079 carminum
507 2027 644 2080 varietate
669 2027 789 2080 mixtum
814 2026 943 2080 condidit
965 2025 1113 2081 Terentius

90 2097 188 2163 Varro,
211 2097 253 2150 vir
276 2097 467 2151 Romanorum
493 2097 710 2152 eruditissimus.
747 2097 884 2166 plurimos
908 2098 955 2152 hic
973 2097 1060 2152 libros
1085 2100 1114 2151 et

89 2168 268 2223 doctissimos
292 2168 459 2237 composuit,
482 2168 671 2237 peritissimus
695 2169 810 2238 linguae
828 2169 946 2223 Latinae
971 2172 999 2222 et
1022 2169 1113 2223 omnis

90 2240 272 2308 antiquitatis
299 2242 327 2293 et
355 2256 448 2293 rerum
475 2239 645 2294 Graecarum
673 2243 897 2308 nostrarumque,
925 2239 989 2310 plus
1017 2243 1114 2294 tamen

89 2311 226 2365 scientiae
254 2311 408 2366 collaturus
437 2327 522 2379 quam
551 2311 737 2378 eloquentiae.
780 2312 819 2365 id.
844 2317 998 2378 12,11,24
1028 2329 1114 2380 quarn

88 2383 189 2450 multa,
208 2398 299 2452 paene
319 2383 422 2450 omnia,
441 2382 563 2437 tradidit
581 2382 683 2437 Varro!

165 2469 207 2518 18.
227 2464 312 2532 Apol.
327 2465 399 2532 apol.
410 2469 447 2518 42
473 2462 628 2517 Varronem
642 2463 841 2532 philosophum
856 2463 946 2516 virum
962 2463 1114 2517 accuratis-

91 2535 162 2589 sime
183 2535 297 2588 doctum
317 2537 402 2603 atque
421 2535 564 2589 eruditum

161 2620 205 2668 19.
225 2617 330 2670 Aaron.
350 2633 442 2670 comm.
457 2616 533 2684 prof.
553 2616 643 2669 Βανά.
664 2619 720 2669 XX
730 2621 748 2669 9
762 2633 793 2684 p.
810 2620 847 2669 66
857 2618 890 2670 P.

242 2695 334 2750 omnis
354 2695 499 2749 doctrinae
518 2695 591 2750 ratio
611 2695 665 2748 tibi
685 2695 808 2765 cognita,
828 2698 963 2763 quantam

241 2767 340 2821 condit
359 2767 494 2821 sescentis
512 2766 601 2821 Varro
620 2766 819 2821 voluminibus.

160 2861 206 2910 200
226 2857 343 2926 Aepurt.
361 2858 410 2910 cic.
426 2857 452 2910 d.
468 2862 527 2923 6,2
545 2857 594 2924 qui
614 2857 670 2927 [M.
691 2857 791 2927 Varro]
810 2858 870 2908 tam
889 2855 943 2909 etsi
962 2855 1055 2909 minus
1070 2858 1114 2909 est

89 2927 184 2981 suavis
211 2927 336 2995 eloquio,
366 2928 495 2981 doctrina
522 2929 618 2981 tamen
645 2930 729 2995 atque
756 2927 905 2982 sententiis
927 2927 970 2981 ita
992 2926 1112 2981 refertus

88 3000 142 3066 est,
165 2998 247 3052 utin
266 2998 342 3052 omni
366 2999 531 3064 eruditione,
559 3015 644 3067 quam
667 3015 718 3052 nos
742 2999 923 3065 saecularem,
950 2997 993 3051 illi
1018 3001 1113 3052 autem

88 3069 237 3124 liberalem
251 3073 361 3136 vocant,
377 3071 534 3125 studiosum
549 3087 643 3124 rerum
656 3071 769 3123 tanturn
783 3069 838 3124 iste
851 3070 959 3135 doceat,
974 3074 1112 3137 quantum

90 3141 251 3195 studiosum
278 3141 426 3195 verborum
450 3141 546 3196 Cicero
573 3141 704 3196 delectat.
727 3174 759 3181 —
784 3140 838 3195 iste
867 3139 956 3211 igitur
983 3141 1025 3194 vir
1052 3143 1113 3193 tam

89 3211 210 3283 insignis
221 3212 441 3281 excellentisque
456 3213 575 3283 peritiae
586 3216 622 3280 et,
637 3213 713 3281 quod
724 3213 758 3266 de
768 3212 818 3267 illo
829 3213 916 3265 etiam
926 3211 1112 3266 Terentianus

89 3283 303 3354 elegantissimo
323 3285 460 3340 versiculo
479 3284 602 3339 breviter
621 3285 662 3337 ait
681 3285 767 3355 [metr.
787 3284 882 3354 2846}

316 3364 358 3418 vir
377 3364 556 3419 doctissimus
575 3366 770 3431 undecumque
789 3363 887 3431 Varro,

89 3444 139 3513 qui
158 3447 217 3497 tarn
235 3445 327 3498 multa
350 3444 428 3514 legit,
452 3448 485 3498 ut
504 3444 613 3513 aliquid
636 3445 662 3498 ei
682 3444 804 3498 scribere
822 3442 952 3496 vaenisse
969 3443 1124 3505 miremur,

89 3517 149 3568 tam
163 3514 254 3569 multa
273 3516 394 3584 scripsit,
414 3534 499 3586 quam
518 3516 610 3573 multa
622 3516 673 3573 rix
686 3533 866 3589 quemquam
876 3513 987 3584 legere
1000 3510 1142 3577 petuisse

87 3586 236 3640 credamus.
274 3589 310 3654 εί
330 3589 368 3643 Μ.
390 3590 459 3647 r'bs'd.
474 3595 598 3664 possim.
