2422 3840
135 188 201 252 532
302 187 507 242 Grammaticus
526 187 629 241 aetatis
648 189 808 256 Augusteee
827 186 986 256 fragmenta

134 375 209 416 sum
233 356 431 429 evaserint,
464 357 682 431 praesertim
709 373 784 412 cum
812 355 864 413 ita
888 357 936 413 sit
963 354 1089 413 fabula
1113 355 1153 413 de

133 445 268 504 Theseo
298 448 408 519 atque
436 446 467 503 si
495 443 669 502 Hercules
698 464 773 501 eum
802 443 974 502 evellerit
1001 463 1016 502 e
1049 446 1153 520 petra

134 537 169 592 ct
191 535 227 591 in
250 533 366 593 lucem
389 533 431 591 ad
456 551 605 607 superos
629 531 816 592 eduxerit?
846 560 848 566 ·

208 633 275 686 Gell.
295 634 360 687 ibid
377 637 410 686 11
429 646 482 686 item
496 646 539 685 uon
553 664 580 670 —
595 645 710 685 eduxerim
729 633 764 698 cf.
782 632 857 686 Serv.
876 632 945 686 Aee.
966 636 992 698 6,
1012 636 1075 685 617.

207 745 303 793 2eese
328 739 418 793 Poris.
438 744 463 792 et
486 738 563 792 codd.
587 740 653 804 fam.
678 740 724 792 alt.
815 755 888 792 mors
913 738 989 793 codd.
1013 739 1080 804 fem.
1106 740 1152 793 alt.

133 810 283 863 4dixisset
300 812 359 864 siue
378 825 432 878 que
451 811 536 864 Bere.
557 809 647 863 Paris.
674 811 746 864 Voss.
766 809 830 863 Lat.
849 811 880 863 F
896 813 914 863 7

597 944 689 1029 9[4]

202 1059 275 1115 item
288 1059 320 1115 in
330 1058 376 1116 his
386 1056 521 1116 versibus
532 1074 644 1133 errasse
654 1057 822 1134 Vergilium
832 1057 904 1116 dicit
919 1051 1006 1136 [Aeo.
1020 1061 1048 1125 6,
1059 1053 1153 1138 838]:

136 1141 250 1205 ‘eruet
285 1147 350 1204 ille
382 1145 498 1223 Argos
531 1145 903 1223 Agamemnoniasque
935 1147 1117 1222 Mycenas
1142 1141 1156 1226 l

135 1236 323 1310 ipsumque
345 1234 540 1309 Aeaciden,
568 1253 678 1311 genus
702 1235 957 1309 armipotentis
981 1229 1157 1313 Achillis

135 1325 234 1382 ultus
264 1342 348 1382 avos
371 1323 513 1397 Troiae,
542 1324 677 1399 templa
703 1326 921 1382 intemerate
944 1319 1153 1384 Minervae'.

108 1413 305 1471 sconfudit
331 1413 430 1487 inquit
458 1416 492 1471 et
522 1431 694 1487 personas
725 1413 888 1472 diversas
916 1416 950 1471 et
977 1417 1154 1493 tempora,

138 1520 220 1559 nam
246 1521 360 1577 neque
397 1501 526 1559 eodem
563 1505 735 1576 tempore
768 1521 880 1577 neque
911 1522 974 1579 per
1001 1504 1154 1561 eosdem

136 1590 296 1649 homines
321 1609 396 1647 cum
420 1591 572 1649 Achaeis
595 1593 630 1648 et
653 1609 729 1649 cum
752 1589 863 1665 Pyrro
889 1590 1067 1649 bellatum
1091 1594 1153 1651 est.

136 1677 270 1753 Pyrrus
300 1679 403 1753 enim,
435 1699 536 1753 quem
567 1679 657 1738 dicit
683 1679 877 1755 Aeaciden,
908 1680 947 1738 de
976 1680 1087 1756 Epiro
1119 1682 1154 1738 in

136 1767 284 1826 Italiam
320 1770 572 1844 transgressus
609 1786 686 1826 cum
720 1769 894 1831 Romanis,
926 1769 1155 1846 depugnavit

96 1857 311 1916 roadversus
346 1856 515 1915 Manium
549 1855 704 1915 Curium
740 1859 776 1914 in
813 1877 851 1916 eo
888 1857 983 1917 bello
1022 1858 1152 1918 ducem.

136 1946 309 2022 Argivum
341 1949 460 2004 autem
491 1945 626 2004 bellum
658 1946 693 2003 id
726 1950 780 2004 est
806 1947 1001 2006 Achaicum
1028 1948 1154 2006 multis

136 2037 218 2108 post
246 2036 348 2093 annis
378 2054 395 2092 a
422 2034 454 2092 L.
478 2034 645 2092 Mummio
672 2037 891 2110 imperatore
922 2038 1063 2113 gestum
1092 2040 1152 2095 est.

136 2126 259 2197 potest
286 2125 403 2200 igitur
430 2124 529 2198 inquit
555 2123 692 2182 medius
723 2126 829 2182 eximi
856 2143 993 2197 versus,
1024 2127 1084 2201 qui
1114 2127 1153 2183 de

137 2211 258 2288 Pyrro
295 2215 489 2287 inportune
526 2213 696 2270 inmissus
731 2215 799 2286 est,
837 2232 938 2287 quem
969 2214 1153 2291 Vergilius

98 2316 123 2357 rs
138 2302 264 2376 procul
288 2301 395 2359 dubio
420 2303 647 2376 exempturus
670 2302 769 2375 inquit
792 2303 870 2360 fuit.

212 2400 278 2453 Gell.
298 2398 364 2452 ibid.
380 2404 414 2453 14
431 2413 485 2452 item
498 2412 522 2452 in
535 2413 571 2453 his
584 2430 611 2437 -
623 2413 697 2461 inquit
710 2413 759 2453 fuit.
787 2402 821 2466 cf.
836 2401 909 2455 Serv.
926 2402 994 2454 Aeo.
1011 2406 1038 2466 6,
1053 2406 1117 2457 839.

209 2511 225 2556 4
245 2508 273 2558 et
291 2508 428 2558 temerata
452 2505 529 2576 Very.
646 2511 662 2558 8
686 2506 852 2574 (aeacidem
870 2509 963 2562 Paris.
982 2507 1049 2561 -ida
1068 2510 1153 2564 Rem

144 2577 215 2630 Voss.
236 2578 300 2630 Lat.
320 2578 380 2630 Fr
402 2576 504 2645 -id(a)e
522 2578 579 2630 rell.
653 2577 688 2630 de
713 2593 798 2645 epyro
818 2579 915 2648 Reyiu.
936 2583 991 2632 597
1011 2580 1046 2632 de
1069 2597 1153 2648 pyrro

138 2649 234 2718 Reque.
255 2651 329 2700 1646
347 2647 401 2701 dea
424 2666 438 2700 e
462 2664 531 2716 pyro
553 2649 625 2702 Voss,
645 2649 709 2702 Lot.
733 2650 764 2702 F
776 2653 829 2703 112
852 2651 880 2702 et
903 2667 918 2702 e
941 2649 1018 2717 pirro
1043 2653 1153 2720 (epyrro

138 2719 241 2786 Paris.)
259 2719 316 2772 rell.
391 2724 424 2771 10
440 2719 576 2771 manlium
595 2720 687 2774 Paris.

609 2865 650 2919 10
689 2865 709 2920 7

206 2983 276 3022 sane
299 2965 449 3025 Hesiodus
474 2861 583 3045 [tleoyi
596 2855 696 3047 1011[]
710 2856 861 3026 ]Latinum
884 2966 980 3027 Circes
1004 2974 1034 3028 et
1060 2971 1154 3030 Ulixis

137 3053 233 3110 filium
249 3053 329 3128 dicit,
349 3056 428 3130 quod
443 3058 472 3113 et
486 3057 637 3133 Vergilius
652 3058 751 3134 tangit
765 3057 888 3116 dicendo
908 3052 996 3137 [Ace.
1011 3062 1062 3127 12,
1075 3055 1153 3139 164]

140 3137 229 3201 ‘Solis
254 3145 305 3201 ari
330 3139 498 3218 specimen'.
545 3146 595 3203 sed
620 3146 691 3220 quia
713 3149 879 3221 temporum
902 3150 980 3205 ratio
1003 3168 1064 3207 non
1087 3169 1153 3226 pro·

141 3231 226 3306 cedit,
250 3231 326 3289 illud
346 3232 550 3307 accipiendum
570 3237 614 3292 est
633 3234 755 3311 Hygini,
779 3238 830 3309 qui
850 3237 893 3294 ait
911 3236 1035 3295 Latinos
1054 3238 1154 3313 plures

112 3321 239 3395 afuisse,
268 3324 303 3378 ut
324 3322 532 3397 intellegamus
556 3326 677 3399 poetam
700 3323 797 3396 abuti,
827 3327 861 3382 ut
883 3326 972 3398 solet,
999 3329 1154 3385 nominum

124 3410 338 3474 similitudine.

186 3514 267 3572 Serv.
278 3517 355 3575 Aen.
368 3522 394 3588 7,
406 3523 445 3576 47
459 3545 518 3576 rane
527 3552 553 3559 -
563 3530 722 3575 Amitinum.
749 3513 841 3569 codun
853 3513 908 3578 fara
919 3513 960 3565 td.
971 3513 1155 3576 Acadama

95 3596 199 3653 dmm
229 3597 388 3654 concaua
420 3596 570 3654 sententio
595 3610 656 3648 ooo
683 3590 828 3647 nullorum
850 3583 899 3651 ill·
918 3581 1066 3643 Koounos,
1083 3583 1172 3634 M<-
