2422 3840
433 179 471 234 M.
488 179 637 245 Terentius
659 179 744 252 Varro
1032 179 1096 246 297

149 339 282 411 tlongit.
303 357 353 394 erar.
373 341 448 394 codd.
518 346 534 392 3
553 342 690 408 quantum
709 358 768 395 ore:
788 358 836 395 em.
850 341 940 395 Wibn.
961 343 1099 408 quantum

77 411 213 480 temporis
227 412 267 464 ed.
284 411 398 465 Vindob.
410 429 475 465 =o
535 418 550 464 5
570 411 608 465 sit
621 430 649 466 o:
670 411 694 465 si
756 418 772 466 6
792 411 879 483 altit]
894 411 929 465 ab
944 411 1099 467 altitudine

78 483 155 537 codd.
175 484 206 535 at
225 481 334 536 altitu
424 482 568 550 espiratu
593 484 662 552 (-itu
681 483 802 538 Lacerat.
821 501 855 537 m.
870 487 899 550 2)
962 484 1097 552 adspirat.

78 557 279 678 {Pbtmfff‘l
298 556 327 677 gt
345 552 432 620 ψιλήν
450 555 520 608 coci.
541 555 715 680 dieitadspL
725 563 836 680 maeotim
850 555 922 610 deod
938 556 1099 623 Zippmcare

114 641 151 678 au
184 640 296 694 asprran
320 642 348 678 a:
368 643 452 680 errae
523 642 668 695 prngmres
716 643 809 681 acca.

502 778 573 834 279
598 770 670 854 [se]

146 900 270 958 hsicut
292 901 324 958 in
348 902 520 975 quaestione
545 903 598 974 est,
626 901 729 959 littera
752 903 792 959 sit
819 920 919 975 necne,
947 901 990 961 sic
1012 921 1098 960 num·

79 1007 170 1064 quarn
189 989 359 1048 dubitatum
379 992 425 1048 est
443 990 571 1048 secundo
590 991 655 1048 loco
675 1009 693 1048 a
712 1009 898 1065 quacumque
918 994 1098 1050 consonante

79 1079 153 1154 poni
172 1077 286 1152 debere,
309 1078 388 1153 quod
408 1079 488 1137 solus
507 1077 603 1137 Varro
627 1079 759 1152 dubitat3
782 1080 850 1138 vult
868 1080 947 1138 enim
971 1079 1098 1138 auctori-

79 1170 143 1239 tate
180 1185 234 1226 sua
271 1167 385 1226 efficere
422 1169 456 1225 ut
487 1168 508 1225 h
539 1168 622 1243 prius
659 1171 790 1243 ponatur
826 1187 861 1227 ea
897 1168 1013 1243 littera,
1051 1170 1099 1227 cui

80 1255 294 1333 aspirationem
317 1256 439 1330 confert,
464 1259 494 1314 et
512 1259 598 1316 tanto
621 1257 717 1334 magis
738 1258 794 1315 hoc
813 1259 944 1333 temptat
967 1257 1098 1331 suadere,
1126 1268 1139 1309 ὃ

80 1345 160 1420 quod
183 1345 336 1404 vocalibus
365 1364 482 1420 quoque
506 1345 580 1405 dicit
603 1346 752 1420 anteponi,
780 1349 815 1405 ut
837 1347 922 1405 heres
945 1346 1052 1404 hircus.

152 1445 227 1498 Aac.
244 1444 355 1498 Cernat.
371 1461 416 1512 ap.
434 1444 554 1498 aneebd.
570 1446 637 1498 ortt.
653 1462 683 1513 p.
699 1449 792 1510 152,8
809 1459 1020 1499 nereus—mrem.
1049 1445 1099 1498 sed

80 1513 236 1569 Varronem
255 1515 392 1582 praeterit
410 1517 609 1568 consonantem
627 1514 692 1570 ideo
711 1516 832 1569 secundo
851 1515 913 1569 loeo
932 1516 1099 1584 hrecipere‚

80 1585 156 1655 quod
181 1586 261 1657 [quia
285 1588 370 1640 Bera.
395 1587 500 1657 Paria]
528 1604 584 1640 non
610 1585 700 1655 possit
726 1589 791 1640 ante
818 1587 1018 1656 aspirationem
1043 1587 1099 1640 nisi

80 1656 184 1711 vocalis
199 1657 311 1711 habere.
344 1657 440 1726 itaque
455 1659 484 1711 et
503 1660 569 1713 ante
588 1660 617 1712 et
635 1658 700 1725 post
718 1657 737 1709 h
756 1657 853 1712 littera
871 1657 1037 1727 cuicumque
1050 1676 1099 1712 vo-

81 1727 137 1782 cali
156 1729 336 1799 adiungatur,
355 1729 521 1782 consonabit
540 1729 607 1800 [non
627 1746 664 1782 so.
685 1730 779 1783 cedde
797 1747 845 1784 em.
872 1729 991 1800 Usener}
1029 1728 1099 1782 haee

81 1800 156 1853 enim
174 1803 277 1853 natura
300 1799 439 1853 vocalium
458 1801 514 1866 est,
540 1802 572 1853 ut
591 1801 658 1854 ante
681 1815 710 1853 se
730 1801 779 1853 aut
798 1802 862 1869 post
881 1815 910 1853 se
929 1800 948 1852 h
967 1799 1100 1866 habeant,

81 1887 193 1939 quoquo
212 1887 314 1941 genere
334 1871 557 1925 enuntiationem
576 1888 633 1936 non
651 1870 809 1939 impediant
832 1872 908 1941 [post
927 1889 956 1925 se
975 1871 1100 1926 habeant

80 1958 123 1996 en.
143 1944 228 1996 Bere.
248 1944 312 2010 post
327 1958 357 1996 se
371 1943 389 1994 h
405 1958 447 1995 en.
468 1943 559 1997 Parte.
579 1945 611 1995 ut
626 1959 737 2011 quoquo
752 1961 779 2012 g.
795 1959 838 1996 en.
858 1943 973 1997 Bruxel.
985 1943 1099 2013 Colca}

80 2015 114 2082 cf.
135 2015 221 2068 Prisc.
237 2017 385 2081 p.19,12.

88 2132 91 2138 ·
154 2127 167 2172 1
189 2120 229 2173 sic
265 2120 302 2173 sit
411 2122 489 2173 ieet
508 2137 541 2173 ae
560 2122 645 2175 Rern.
666 2122 772 2185 Porta,
794 2121 868 2175 made
883 2122 1039 2175 Wilrnaaae
1057 2123 1101 2175 est

81 2207 118 2245 an
136 2224 172 2231 -
190 2120 306 2245 deierat
405 2197 421 2244 3
441 2192 508 2259 quia
526 2191 602 2246 solus
621 2192 706 2245 Bere.
725 2208 811 2260 quam
830 2209 851 2245 s.
871 2192 985 2246 Braael.
1007 2192 1099 2246 Colca.

81 2268 98 2315 4
118 2263 163 2316 cui
178 2264 269 2317 Witm.
285 2278 358 2331 quae
371 2295 407 2302 —
422 2262 530 2317 confert
544 2262 688 2332 (conferet,
703 2280 751 2317 em.
767 2263 906 2317 conferret
921 2264 1013 2318 Colca.
1027 2280 1062 2316 m.
1073 2268 1101 2328 2,

81 2334 167 2388 Bere.
190 2334 294 2403 Oeten.)
385 2334 588 2403 5persuadere
609 2335 707 2389 Carrio
725 2339 752 2388 et
768 2333 828 2388 edd.
925 2339 1032 2403 oquae
1051 2351 1099 2387 erre.

81 2405 157 2475 quod
176 2408 261 2460 Bere.
289 2424 314 2474 q.
334 2407 425 2460 Broc.
452 2421 506 2476 que
527 2406 618 2460 Colore,
645 2406 677 2458 ut
696 2406 788 2460 Paris.
862 2405 940 2457 dicat

511 2557 576 2614 eso
599 2549 670 2634 [ss]
747 2558 748 2561 ‘

149 2681 185 2739 de
215 2682 235 2739 h
265 2681 367 2739 littera
398 2683 561 2754 quaeritur,
592 2698 668 2755 quae
699 2698 730 2738 se
759 2679 862 2738 multis
893 2683 945 2738 aut
974 2681 1102 2738 inseruit

81 2770 203 2828 vocibus
221 2770 274 2828 aut
292 2770 472 2845 praeposuit.
505 2770 632 2827 inseruit
650 2771 684 2825 ut
702 2768 735 2825 in
752 2768 800 2826 his
816 2762 984 2827 ‘vehemens
1002 2787 1100 2843 repre·

81 2853 206 2934 hendit',
231 2878 299 2917 eum
323 2859 519 2935 elegantiores
543 2860 574 2916 et
592 2859 760 2916 veementer
780 2857 882 2916 dicant
901 2861 930 2917 et
948 2857 1102 2934 reprendit

82 2947 244 3006 secundum
267 2946 394 3023 primam
418 2948 610 3023 positionem,
638 2946 751 3021 prendo
775 2948 854 3005 enim
877 2946 1013 3021 dicimus,
1041 2966 1100 3006 non

81 3036 240 3112 prehendo.
287 3039 320 3093 at
350 3035 537 3111 praeposuit,
569 3038 604 3093 ut
635 3054 702 3093 eum
734 3035 815 3094 dicas
848 3029 957 3113 [hostis
988 3035 1101 3095 harena
1129 3055 1141 3094 5

81 3119 225 3204 harenae]
249 3125 379 3183 halioam
398 3129 427 3183 et
445 3125 617 3198 halieulam,
641 3142 708 3182 cum
727 3123 764 3181 ab
784 3124 1004 3200 alendopossit
1023 3123 1102 3198 alica

82 3213 150 3288 dici,
170 3217 200 3272 et
219 3215 359 3272 aliculam
378 3215 548 3272 existiment
566 3214 686 3286 dictam,
706 3212 787 3288 quod
807 3213 870 3272 alas
889 3213 974 3272 nobis
990 3214 1101 3271 iniecta

82 3304 243 3362 contineat.
289 3304 393 3361 hortus
424 3322 541 3378 quoque
570 3321 630 3361 non
660 3302 850 3362 desiderabat
880 3301 1101 3377 aspirationem,

83 3392 164 3466 quod
190 3392 234 3451 ibi
261 3392 370 3450 herbae
395 3393 531 3450 oriantur
558 3391 590 3448 id
614 3394 659 3450 est
681 3393 857 3465 nascanturq
886 3390 941 3449 sed
959 3394 1071 3447 tamon
1088 3408 1114 3442 a

83 3481 296 3540 consuetudine
324 3480 445 3558 accepit.
492 3485 522 3540 et
551 3480 690 3542 cohortes
718 3499 820 3558 aeque
847 3498 872 3538 a
896 3473 1070 3536 coemendo
1099 3481 1187 3534 em

80 3569 178 3626 eodem
200 3569 267 3627 loeo
291 3569 389 3629 dictae
414 3574 502 3651 sunt3
533 3575 567 3635 et
590 3568 747 3656 tam<en>
772 3568 998 3641 diberentiam
1024 3551 1178 3633 Sillim<
