2422 3840
466 189 494 244 C.
513 189 599 243 Iulius
618 189 747 259 Hyginus
1046 189 1111 254 529

94 362 124 419 et
148 377 200 416 ora
216 352 230 436 l
244 361 345 418 tristia
362 361 564 433 temptantum
582 377 669 417 sensu
687 358 839 433 torquebit
858 353 979 416 amaro'.
1017 357 1111 436 Hygi·

93 465 149 506 nus
180 449 281 506 autem
306 480 347 487 -
370 447 402 505 in
425 447 658 521 commentariis,
689 467 764 522 quae
787 448 818 505 iu
841 447 1008 524 Vergilium
1032 448 1111 522 fecit,

94 536 250 597 confirmat
272 538 303 595 et
331 540 501 611 perseverat
523 556 583 595 non
605 537 661 595 hoc
685 555 703 594 a
726 537 859 612 Vergilio
886 536 1032 611 relictum,
1060 535 1111 594 sed
1139 550 1151 590 a

94 626 174 702 quod
200 628 264 701 ipse
287 626 434 684 invenerit
462 627 493 683 in
520 626 610 698 libro,
642 625 693 700 qui
722 626 813 684 fuerit
843 645 877 684 ex
905 625 992 685 domo
1021 628 1110 699 atque

94 715 209 775 familia
234 714 359 792 Vergilii
388 711 429 774 ‘et
457 734 509 773 ora
529 709 544 794 f
567 716 667 773 tristia
694 717 896 789 temptantum
923 732 1024 773 sensus
1050 716 1111 772 tor-

94 805 197 880 quebit
221 799 357 880 amaror’,
381 823 475 879 neque
501 805 532 861 id
558 805 615 862 soli
638 803 768 880 Hygino,
792 804 843 863 sed
866 803 961 862 doctis
991 803 1110 878 quibus·

94 895 163 953 dam
194 895 284 952 etiam
312 893 384 951 viris
415 894 633 968 complacitum,
664 895 806 968 quoniam
836 892 954 950 videtur
984 892 1110 951 absurde

93 983 154 1041 dici
173 977 273 1058 ‘sapor
291 1001 379 1041 sensu
396 1001 496 1041 amaro
515 976 657 1057 torquet',
677 1000 744 1039 cum
762 984 834 1056 ipse,
852 983 1002 1057 inquiunt,
1022 1000 1110 1055 sapor
1123 996 1149 1036 re

93 1090 194 1131 sensus
218 1071 266 1144 sit,
299 1091 357 1130 uon
389 1072 481 1129 alium
511 1072 542 1129 in
573 1075 665 1129 semet
694 1072 759 1145 ipso
784 1089 900 1129 sensum
927 1071 1045 1144 habeat,
1076 1089 1110 1129 ac

92 1160 217 1236 proinde
240 1162 281 1218 sit
303 1162 389 1234 quasi
412 1160 528 1218 dicatur
552 1156 665 1220 ‘sensus
689 1178 776 1218 sensu
800 1179 900 1218 amaro
923 1154 1063 1235 torquet'.

115 1330 120 1341 ⁸
145 1259 233 1342 stell.
250 1263 274 1324 1,
292 1263 328 1312 21
347 1284 423 1340 yersus
435 1273 489 1338 arog
503 1291 530 1298 -
541 1276 636 1321 torquet.
665 1258 813 1341 sedenim.
823 1258 1037 1341 cumuFayonrino
1052 1257 1109 1326 Hy-

92 1329 565 1454 aauuuuauu
584 1331 680 1455 aar
697 1331 844 1469 {alliu
860 1329 1110 1467 trattati

93 1473 197 1526 ‘Iovem
204 1470 350 1539 lapidem’,
360 1471 453 1539 inquit
464 1473 551 1539 ‘quod
559 1473 766 1526 sanctissimum
776 1472 971 1524 iusiurandum
980 1472 1110 1525 habitum

93 1546 144 1607 est,
164 1545 278 1610 paratus
298 1559 350 1611 ego
369 1541 461 1595 iurare
476 1560 537 1595 sum
551 1543 708 1614 Vergilium
722 1543 775 1596 hoc
789 1560 942 1610 numquam
956 1544 1108 1611 scripsisse,

92 1615 142 1668 sed
165 1613 309 1682 Hyginum
335 1631 386 1681 ego
412 1631 507 1667 verum
532 1615 625 1668 dicere
651 1615 778 1668 arbitror.
816 1631 872 1667 non
900 1613 975 1666 enim
1001 1615 1109 1682 primus

92 1684 173 1738 finxit
196 1687 248 1738 hoc
271 1686 386 1739 verbum
404 1685 546 1754 Vergilius
565 1686 730 1753 insolenter,
750 1687 799 1739 sed
818 1686 848 1737 in
867 1685 1036 1739 carminibus
1055 1686 1108 1739 Lu-

91 1757 163 1811 creti
180 1757 293 1810 invento
313 1774 378 1810 usus
398 1758 441 1809 eet
460 1757 601 1828 [inventus
620 1760 663 1810 est
686 1758 778 1811 codd„-
796 1775 843 1811 cm.
864 1758 1029 1828 Ebreutbal]
1052 1774 1109 1811 non

92 1830 259 1896 aspernatus
278 1828 475 1882 auctoritatem
493 1830 595 1896 poetae
613 1829 727 1898 ingenio
743 1831 772 1882 et
790 1828 923 1882 facundia
936 1828 1108 1897 praecellen-

91 1899 150 1952 tis'.
178 1900 263 1952 verbe
281 1917 314 1952 ex
333 1899 371 1953 lV
385 1899 497 1953 Lucreti
520 1899 598 1970 [223]
618 1900 688 1953 haec
707 1902 784 1952 sunt:
810 1898 968 1966 ‘dilutaque
988 1903 1085 1953 contra
1097 1901 1112 1972 J

93 1986 157 2023 cum
170 1971 276 2024 tuimur
289 1971 400 2024 misceri
414 1971 566 2037 absinthia,
579 1971 675 2040 tangit
689 1971 817 2024 amaror’.
846 1987 902 2024 non
915 1970 999 2023 verba
1014 1973 1108 2024 autem

93 2041 160 2109 sola,
180 2043 228 2095 sed
248 2058 342 2095 versus
365 2059 452 2112 prope
475 2045 550 2096 totos
570 2044 598 2095 et
616 2042 691 2096 locos
711 2059 821 2110 quoque
840 2041 953 2095 Lucreti
972 2042 1107 2110 plurimos

92 2115 230 2166 sectatum
256 2130 315 2166 esee
339 2114 495 2183 Vergilium
520 2114 654 2166 videmus.
692 2115 726 2180 cf.
750 2113 822 2167 Seru.
846 2130 871 2183 y.
890 2118 917 2179 2,
936 2117 999 2168 247.
1026 2116 1107 2168 uerba

93 2185 150 2238 ‘sed
173 2187 245 2238 euim
264 2216 297 2224 -
316 2185 448 2239 oidemas’
473 2187 504 2239 iu
529 2187 638 2255 Hyyiae'
663 2186 799 2252 exemplar
821 2186 920 2251 referre
944 2202 1029 2238 ausae
1051 2203 1108 2240 uon

91 2273 160 2320 sam,
180 2257 303 2323 quamvis
321 2257 380 2310 eius
398 2273 451 2311 esse
464 2257 569 2325 possint
584 2257 628 2325 (cf.
644 2256 776 2320 Froebde,
791 2256 925 2309 Festschr.
935 2257 956 2322 f.
966 2257 987 2308 I
994 2256 1105 2311 Vahlen.

91 2327 191 2379 Berlin
210 2331 323 2394 190012.
340 2331 402 2382 542.
440 2328 557 2381 Ribbeck
571 2345 601 2397 p.
621 2332 675 2381 117
679 2329 737 2395 sq).

164 2439 179 2485 6
198 2432 267 2499 quid
285 2434 377 2488 Puris.
394 2435 479 2488 Vatia
570 2436 654 2502 atque
674 2450 707 2486 ex
726 2434 812 2489 Vetto.

159 2684 251 2764 ‘ipse
276 2689 458 2758 Quirinali
485 2690 578 2748 lituo
601 2683 784 2766 parvaque
809 2691 956 2750 sedebat
983 2684 997 2770 l
1025 2692 1105 2749 sub-

91 2780 231 2838 cinctus
261 2778 387 2836 trabea
417 2779 592 2855 laevaque
627 2781 745 2838 ancile
776 2775 943 2856 gerebat?
998 2782 1030 2837 in
1059 2780 1106 2838 his

89 2868 223 2927 versibus
249 2861 336 2946 [Aea.
353 2871 381 2935 7,
397 2863 475 2946 187]
498 2887 611 2927 errasse
629 2869 768 2945 Hyginus
786 2868 954 2945 Vergilium
977 2870 1106 2945 scripsit,

89 2961 244 3032 tamquam
271 2976 331 3015 non
358 2957 601 3016 animadverterit
631 2958 730 3018 deesse
759 2959 872 3034 aliquid
899 2959 978 3016 hisce
1005 2959 1102 3017 uerbis

90 3042 165 3122 ‘ipse
198 3046 347 3114 Quirinali
377 3041 478 3104 lituo'.
537 3066 616 3104 nam
653 3048 682 3106 si
718 3048 811 3105 nihil
847 3048 947 3122 inquit
983 3048 1144 3108 deessee

90 3136 467 3209 animadverterimus,
504 3136 647 3194 videtur
684 3137 736 3194 ita
773 3136 923 3209 dictum,
960 3139 998 3193 ut
1034 3137 1105 3195 fiat

90 3221 199 3282 ‘lituo
228 3227 262 3283 et
289 3225 415 3283 trabea
443 3220 676 3299 subcinctus’,
710 3225 804 3299 quod
832 3227 887 3283 est
916 3225 1014 3300 inquit
1045 3226 1104 3284 ab·

89 3313 354 3387 surdissimum3
385 3315 518 3388 quippe
541 3332 615 3372 cum
643 3314 757 3373 lituus
781 3316 830 3372 sit
852 3314 956 3391 virga
983 3314 1103 3374 brevis

87 3406 125 3461 in
144 3405 260 3476 parte,
284 3421 352 3477 qua
374 3402 560 3461 robustior
583 3406 649 3477 est,
673 3404 842 3480 incurva,
863 3421 938 3477 qua
955 3415 1127 3472 augures

88 3493 257 3564 utuntur,
289 3511 438 3565 quonam
467 3492 570 3552 modo
602 3487 845 3553 ‘subcinctus
862 3482 981 3546 lituo'
1022 3477 1192 3536 uinetis

75 3577 227 3652 potest?

121 3683 288 3725 Grammatioae
302 3688 424 3733 Romanae
441 3695 586 3746 fragmenta
609 3699 651 3740 ed,
665 3700 815 3740 gummi
912 3677 958 3724 ‘bk

1186 3726 1192 3807 l
