2422 3840
219 199 250 253 T.
268 198 440 268 Pomponius
459 201 578 254 Atiious.
617 200 644 254 C.
660 200 809 255 Trebatius
828 201 913 256 Teste
1008 200 1074 282 43⁷,

283 424 324 510 O.
359 424 657 510 TREBATIUS
690 424 853 510 TESTA

136 592 213 647 Velia
231 593 346 658 fortasse
364 592 509 657 ariorum,
522 608 600 659 eques
614 592 759 646 Romanus
774 593 911 653 Ciceronis
924 593 1076 658 familiaris

56 665 115 730 fait
143 664 320 732 Caesarisque
350 669 480 728 sectatam
515 663 564 717 iios
592 669 682 716 autem
713 670 820 719 mutuo
852 665 967 718 muitum
999 663 1076 732 apud

58 737 216 805 Aupusiaru
228 735 322 805 pratia
336 735 432 788 oaiaa.
457 736 491 801 af.
507 733 643 800 Huschke,
658 735 770 804 iurispr.
786 735 1075 803 auieiusi.⁶p.1003q.

58 807 179 871 Bremer,
198 807 311 872 iarispr.
332 805 474 859 auiebaeir.
491 811 515 871 1,
535 809 632 873 376sq.

304 982 353 1036 EX
372 981 488 1036 LIBRIS
507 982 556 1035 DE
575 981 830 1037 RELIGIONIBUS

130 1109 265 1179 Porphyr.
284 1107 355 1162 Hor.
375 1112 564 1174 serra.2,1,1
594 1106 741 1161 Trebatius
761 1106 900 1161 -libros
920 1139 952 1148 —
973 1124 1076 1178 oonpo·

57 1179 114 1231 suit
135 1210 164 1217 —
186 1179 221 1231 de
238 1178 424 1247 religionibus
443 1194 549 1232 norem.
589 1180 749 1233 Macrobius
772 1185 863 1234 tameo
885 1179 986 1234 iibruru
1004 1180 1075 1234 deei-

56 1267 130 1303 muru
149 1251 230 1316 afferi
247 1251 292 1316 (fr.
308 1251 344 1318 4).

456 1352 473 1405 1
498 1340 532 1424 [1
548 1340 685 1425 Bremer]

124 1455 172 1513 lib.
192 1455 218 1511 I.
266 1471 383 1512 suorum
408 1457 461 1526 est,
489 1456 523 1510 ut
546 1452 704 1512 Trebatius
727 1454 803 1512 libro
827 1455 924 1529 primo
948 1453 983 1512 de
1006 1455 1074 1512 reli·

57 1542 196 1619 gionibus
218 1543 318 1615 refert,
343 1542 483 1616 quiequid
508 1545 552 1601 est
576 1541 654 1617 quod
679 1543 801 1601 deorum
824 1542 957 1601 habetur.

130 1641 253 1694 Maerob.
269 1644 294 1705 3,
309 1644 335 1706 3,
349 1644 368 1693 2
386 1664 472 1693 eaerum
486 1670 513 1678 -
526 1655 627 1704 urbemi.
649 1643 699 1707 ef.
719 1642 778 1695 Aei.
801 1640 874 1695 Gaii.
893 1641 929 1707 fr.
944 1644 988 1694 21.

130 1755 142 1797 1
164 1765 204 1800 s*
223 1746 295 1800 libro
314 1748 407 1806 Paris.

516 1863 538 1920 2
562 1855 611 1940 [2]

125 1967 143 2024 1.
163 1967 189 2024 Ι.
232 1968 388 2027 Trebatius
411 1968 571 2043 profanum
594 1969 626 2026 id
649 1969 768 2045 proprie
792 1969 851 2027 diei
875 1969 918 2027 sit
940 1967 1020 2043 quod
1039 1987 1075 2026 ex

57 2055 196 2132 religioso
214 2056 262 2114 vel
281 2075 365 2116 saoro
384 2058 415 2114 in
434 2057 589 2115 homiuum
607 2073 694 2116 usum
712 2058 986 2133 proprietatemque
1006 2075 1074 2116 oon·

57 2162 174 2202 versum
199 2148 250 2204 est.

129 2245 253 2298 Macrob.
273 2247 299 2309 3,
314 2248 339 2310 3,
354 2249 371 2298 4
389 2258 544 2298 Trebatius-
559 2263 596 2300 eet.

519 2398 539 2453 3
579 2396 598 2454 5

124 2502 140 2557 1.
162 2501 208 2559 ΙΙ.
255 2502 427 2561 sacellum
451 2505 504 2561 est
531 2389 631 2560 lobiis
659 2520 791 2577 parvus
815 2501 880 2561 deo
909 2504 1072 2561 secretus

57 2609 132 2648 eum
161 2609 228 2648 ars.
262 2621 306 2630 —
334 2591 507 2649 seeellum
536 2610 574 2649 ex
603 2590 741 2649 duobus
767 2590 885 2649 verbis
914 2590 1074 2649 arbitror

57 2679 301 2754 compositum,
325 2681 419 2738 sueri
442 2684 477 2738 et
500 2680 614 2738 sellae
638 2681 743 2754 quusi
765 2696 869 2738 sacre
893 2679 995 2737 sella.

129 2777 197 2831 Geli.
219 2782 244 2843 7,
263 2782 307 2843 12,
326 2783 343 2831 5
361 2777 391 2830 iu
410 2776 482 2831 libro
503 2778 537 2832 de
555 2777 607 2831 reli
629 2777 741 2830 ionibus
761 2776 895 2830 seeundo:
915 2791 1022 2830 suenum
1039 2793 1074 2830 ea

55 2847 149 2914 inquit
168 2848 337 2919 [Trebatius]
356 2864 419 2902 loeus
433 2880 459 2887 —
473 2874 518 2902 ara.
538 2796 640 2903 deiurio
659 2847 740 2902 addit
757 2848 842 2902 rerba
861 2847 944 2901 haee:
966 2863 1074 2901 secenum

55 2949 81 2957 -
101 2935 163 2972 eene.
205 2921 239 2987 ef.
265 2920 352 2974 Varro
375 2921 410 2986 fr.
431 2924 491 2973 453.
534 2921 608 2974 Fest.
627 2938 658 2989 p.
683 2923 763 2985 3180,
783 2923 825 2972 33.
867 2921 927 2974 lue.
953 2919 986 2972 eie
1010 2919 1071 2984 diff.

57 2990 150 3045 OGK
166 2991 229 3046 VII
243 2995 306 3056 523,
325 2996 369 3046 26.
408 2993 495 3046 Prisc.
510 2996 675 3060 p.111,11.

124 3231 141 3286 i.
163 3230 193 3287 X
205 3222 257 3310 (.?).
300 3235 436 3290 sanetum
456 3234 507 3304 est,
532 3233 566 3287 ut
588 3229 667 3288 idem
686 3230 843 3289 Trebatius
862 3229 939 3288 libro
958 3227 1072 3287 decimo

55 3318 234 3395 religionum
261 3320 365 3396 refert,
397 3319 547 3379 interdum
574 3319 654 3377 idem
678 3319 757 3394 quod
787 3337 904 3378 suorum
933 3316 1072 3392 idemque

57 3407 137 3482 quod
155 3409 337 3485 religiosum,
360 3408 509 3467 interdum
535 3408 626 3482 eliud,
656 3408 712 3466 hoo
735 3412 781 3467 est
802 3426 858 3466 neo
879 3425 1009 3464 ssorum
1024 3421 1090 3458 meu

56 3496 229 3575 religiosum
253 3499 304 3555 est.

119 3596 242 3648 Maerob.
263 3600 288 3662 3,
304 3600 330 3662 3,
347 3601 364 3651 5
381 3617 490 3655 sanetum
506 3634 532 3642 —
544 3617 592 3670 rel.
606 3619 650 3658 est.
