2422 3840
135 172 201 239 188
283 144 491 227 Grammabicae
511 172 613 226 aetatis
632 170 828 226 varronianae
846 171 1012 242 fragmenta

135 341 175 390 est
192 351 237 390 eos
252 335 334 405 prins
353 351 437 404 quam
455 340 553 389 ceteros
577 335 609 386 in
628 335 712 388 lucem
727 333 864 401 prodiisse
869 352 880 399 ,·
905 332 936 385 id
955 333 1028 401 quod
1046 332 1112 387 aliis
1131 333 1164 387 de

135 407 228 467 causis
252 407 362 462 Usener>
375 423 480 474 quoque
505 407 605 461 statuit
630 406 706 473 (ibid.
722 406 843 472 11632).
880 405 945 458 binc
967 404 1051 459 etiam
1073 406 1163 472 sequi·

134 484 182 532 tur
195 478 320 546 primum
342 477 443 530 librum
462 477 496 531 ab
515 478 560 530 liis
577 477 701 531 alienum
719 492 788 542 esse;
807 477 857 544 qui
869 477 963 544 potuit
981 477 1054 530 enim
1074 476 1164 530 Varro

135 549 219 602 multo
238 549 361 603 uberiore
375 551 515 616 prooemio
534 548 675 615 praefari,
702 564 786 615 quam
809 549 856 601 cui
878 564 947 616 opas
969 546 1164 615 responderet?

134 622 247 674 missum
266 622 338 673 enim
356 621 430 686 facio
449 621 581 674 disertum
594 620 737 687 scriptoris
755 620 946 673 testimonium.
972 619 1060 672 Varro
1074 619 1165 689 iqitur

134 692 166 744 in
195 693 273 746 libris
302 691 339 745 ad
368 690 535 758 Ciceronem,
567 697 600 744 ut
626 691 742 756 uidetur,
770 690 842 743 nibil
869 690 963 754 aliud,
984 691 1053 744 nisi
1080 705 1162 758 opas-

134 763 227 816 culum
250 762 381 830 Septimio
405 764 527 817 dicatum
549 764 709 816 retractauit
731 767 812 830 atque
836 761 972 816 dilatauit.
1011 767 1041 816 at
1063 761 1097 814 de
1117 762 1164 816 bis

134 835 205 901 ipsis
229 835 309 888 libris
334 834 492 903 ambiqitur.
532 835 625 890 Cicero
644 835 717 888 enim
736 835 768 887 in
786 833 960 887 Academicis
976 839 1045 900 post.
1061 837 1164 898 1,1,2

135 912 159 960 et
177 906 210 959 in
227 905 304 974 epist.
334 905 372 958 ad
390 909 601 972 Att.13,12,3
623 907 787 976 pancratim,
813 905 898 959 ccccc
915 904 1099 960 Florentinns
1118 907 1162 958 in-

134 977 262 1030 euntibus
285 978 364 1031 libris
389 977 485 1045 quinto
509 984 534 1032 et
557 977 659 1033 decium
673 977 853 1045 plurimique
875 976 1050 1045 qrammatici
1072 978 1162 1032 nomi·

134 1049 223 1102 uatim
237 1065 328 1102 munes
345 1048 429 1102 libros
449 1048 604 1103 V-XXV
618 1049 656 1104 ad
671 1048 826 1106 Ciceronem
839 1049 935 1102 missos
948 1064 1003 1102 esse
1017 1053 1162 1102 testaretur.

134 1119 207 1187 quod
233 1121 260 1173 si
286 1120 398 1174 Seruius
421 1119 501 1188 (Aen.
521 1120 868 1188 12‚139)⁴Pnnarqprias
890 1121 959 1188 (buc.
974 1123 1003 1184 2,
1018 1120 1064 1187 63)
1090 1119 1161 1174 Dio·

133 1192 221 1244 medes
244 1193 300 1245 sine
320 1190 447 1245 Valerius
470 1192 579 1246 Probus
598 1193 634 1259 (p.
655 1193 779 1258 377,12)
799 1192 909 1244 tertium
931 1207 1035 1259 qaoque
1060 1190 1162 1244 librum

133 1269 274 1330 tamquam
289 1262 327 1315 ad
342 1263 497 1318 Ciceronem
513 1264 645 1331 scriptum
665 1262 792 1327 natant,
811 1264 860 1317 bec
878 1264 957 1333 lonqe
971 1262 1047 1316 abest
1060 1268 1092 1315 ut
1106 1263 1163 1316 cim

133 1335 350 1387 testimoniorum
367 1336 610 1403 qrammaticorum
630 1333 759 1399 debilitet,
776 1333 812 1402 id
831 1332 904 1402 quod
923 1335 1003 1389 Riese
1022 1334 1164 1388 contendit

134 1405 245 1472 (Philol.
260 1408 307 1470 27,
321 1406 400 1474 297):
420 1411 501 1473 etque
519 1406 602 1459 etiam
620 1405 700 1459 nobis
718 1421 747 1458 eo
765 1405 890 1474 proniori
907 1405 1012 1459 indicio
1026 1411 1072 1470 est,
1088 1406 1163 1472 quod

133 1476 198 1529 binc
221 1476 389 1545 intelleqitur
410 1477 489 1542 sama
510 1476 660 1543 Ciceronis,
683 1477 835 1530 maalmam
858 1478 949 1546 operis
967 1481 1076 1544 partem
1095 1477 1161 1530 illu-

133 1553 235 1613 strans,
254 1547 382 1614 Septimii
399 1564 498 1602 nomm
513 1565 631 1617 prorsus
649 1548 818 1602 obscurasse:
842 1549 891 1602 boc
908 1550 1003 1603 saltem
1022 1564 1162 1615 nusquam

133 1619 211 1686 apud
229 1625 354 1672 auctores
372 1625 496 1687 apparet.
521 1620 691 1676 cconbario
716 1620 804 1673 Varro
823 1620 912 1673 tribus
935 1619 1001 1674 locis
1025 1618 1069 1687 (dc
1088 1619 1104 1673 l.
1125 1619 1160 1671 L.

134 1694 160 1753 5,
176 1695 199 1743 1.
217 1694 243 1755 6,
258 1693 304 1744 97.
319 1695 345 1756 7,
360 1693 425 1756 109)
446 1691 600 1745 Ciceronem
620 1691 779 1758 alloquitur,
798 1696 829 1744 ut
847 1691 886 1744 ad
904 1708 966 1744 eum
983 1690 1055 1743 ires
1077 1691 1162 1744 libros

132 1762 247 1826 scribat,
282 1761 355 1829 quod
382 1763 608 1830 insequentibus
632 1762 712 1816 VIII
716 1759 790 1814 —X
816 1764 873 1815 iam
896 1779 953 1816 non
975 1761 1058 1827 facit:
1086 1762 1162 1815 unm

133 1833 214 1887 Riese
233 1832 307 1900 effici
324 1834 383 1888 uult
406 1833 483 1901 (ibid.
501 1852 529 1903 p.
543 1835 610 1902 297)
634 1851 662 1888 rc
681 1850 746 1887 aera
764 1834 802 1887 ad
822 1833 976 1888 Ciceronem
994 1834 1079 1887 libros
1098 1839 1160 1887 tan·

133 1910 192 1958 tum
207 1904 264 1957 V—
272 1905 330 1958 VII
348 1904 445 1959 missos
463 1922 531 1970 csse,
549 1906 582 1959 de
599 1906 693 1959 ceteris
712 1911 803 1958 autem
819 1905 940 1965 Varroni
958 1906 1044 1961 solam
1062 1905 1161 1958 nolun-

133 1980 216 2029 tatcm
234 1975 329 2041 faisse,
348 1993 418 2044 quoe
436 1977 469 2030 ob
483 1979 655 2044 repentinam
671 1975 810 2030 Ciceronis
828 1981 939 2031 mntem
958 1977 1047 2030 inrita
1065 1976 1159 2041 fuerit

133 2053 163 2100 at
185 2047 211 2100 si
229 2048 318 2114 paulo
341 2047 493 2102 studiosius
517 2048 652 2103 Varronis
673 2049 755 2102 cerba
778 2048 900 2117 leqimus,
920 2049 945 2101 is
963 2049 1047 2102 totius
1061 2049 1161 2115 ,operis

132 2123 186 2171 tres
204 2119 275 2172 solos
298 2118 382 2172 libros
402 2118 529 2172 Ciceroni
545 2136 572 2173 se
591 2119 726 2173 dicavisse
747 2135 804 2174 nan
823 2119 904 2184 dicit,
929 2118 977 2173 sed
995 2125 1047 2172 tres
1065 2135 1160 2172 eornm

133 2189 275 2253 librorum,
294 2190 343 2242 ubi
359 2189 447 2258 ‘quem
462 2190 500 2243 ad
514 2190 625 2243 modum
642 2191 723 2245 rebus
738 2190 848 2244 Latina
865 2192 981 2245 nomina
997 2191 1054 2244 sint
1073 2191 1160 2258 impo-

131 2259 198 2314 sita’
219 2261 379 2330 disputavit.
418 2262 490 2329 quod
508 2278 564 2330 qua
582 2261 614 2314 cle
633 2278 719 2316 causa
733 2261 837 2327 fecerit,
851 2262 960 2316 diversa
975 2261 1113 2315 dicatione
1127 2263 1160 2316 in

132 2331 242 2385 duabus
256 2334 346 2400 operis
360 2333 491 2401 partibus
505 2333 624 2387 eiusdem
639 2334 794 2402 arqumenti
807 2334 971 2400 explicatur.
1004 2335 1160 2400 ceteroquin

131 2403 167 2468 si,
184 2419 267 2471 quam
286 2411 387 2473 arquta
406 2419 439 2458 ac
458 2404 577 2474 benique
595 2405 720 2459 comitate
741 2405 831 2460 Cicero
851 2405 882 2458 iu
896 2404 1071 2459 Academicis
1084 2410 1159 2472 post.

138 2475 288 2528 Varronem
312 2475 479 2542 alloquatur,
505 2481 538 2529 ut
551 2477 719 2544 promissum
738 2493 840 2530 munus
858 2481 945 2546 roqet,
969 2492 1026 2529 non
1044 2476 1159 2545 Rapitet,

132 2545 281 2610 considero,
302 2546 452 2600 Varronem
473 2547 598 2601 Ciceroni
612 2549 681 2615 pari
698 2548 838 2602 nolicntatc
857 2548 888 2600 in
902 2548 1043 2616 prooemio
1061 2549 1158 2601 rescri-

133 2616 191 2670 bere
219 2616 342 2671 debuisse
369 2618 438 2671 milti
465 2618 635 2687 persuadeo;
666 2636 733 2672 nam
756 2619 829 2687 quod
849 2619 937 2673 Varro
961 2618 1043 2672 initio
1067 2620 1161 2686 quinti

132 2687 199 2742 libri
225 2689 386 2757 simpliciter
414 2690 579 2757 breuiterque
609 2690 658 2743 ‘ad
676 2695 700 2742 te
718 2690 848 2745 scribam’
879 2692 933 2755 ait,
961 2691 1070 2743 nomine
1098 2691 1159 2759 ipso

134 2758 273 2813 Ciceronis
300 2761 412 2824 omisso,
444 2761 493 2814 loc
520 2763 551 2814 in
579 2762 686 2815 boneine
709 2762 817 2815 urbano
841 2764 890 2816 nin
912 2762 1057 2827 satisfacit.
1096 2778 1159 2815 cum

130 2830 219 2899 iqitur
237 2832 380 2898 superiora
393 2834 636 2901 qrammaticerum
654 2833 805 2901 corticisque
824 2832 902 2887 Flos.
923 2833 1077 2888 testimonia
1096 2850 1160 2887 cum

132 2902 285 2955 testimonio
310 2902 443 2957 Varronis
472 2905 565 2971 aliquo
592 2904 672 2959 mode
700 2905 846 2959 conciliari
868 2905 989 2972 possint,
1018 2910 1099 2971 atque
1126 2907 1158 2957 in

133 2973 212 3027 libris
224 2973 281 3021 V—
289 2974 349 3026 VII
363 2974 454 3028 Cicero
473 2977 552 3029 maus
569 2981 737 3041 memoretur,
757 2982 820 3029 ante
834 2977 893 3030 eius
907 2982 1018 3030 mortem
1032 2974 1158 3046 [711f43]

133 3044 216 3098 libros
241 3044 284 3097 De
310 3045 326 3097 l.
346 3046 396 3111 L.,
428 3048 478 3114 qui
504 3048 561 3100 iam
589 3046 653 3110 inde
682 3047 716 3101 ab
744 3065 769 3100 a.
796 3046 896 3107 707t47
919 3047 1052 3116 promissi
1079 3054 1159 3100 erant

132 3114 198 3182 (Cic.
219 3116 257 3168 ad
275 3116 332 3169 An.
353 3121 456 3182 13,12,
473 3119 500 3185 3)
525 3118 662 3172 absolutos
685 3125 765 3186 atque
784 3118 870 3172 editos
888 3135 942 3172 esse
961 3119 1156 3172 constituerim.

131 3187 165 3252 cs.
190 3186 350 3257 LSpenqel,
384 3190 454 3243 Abla
479 3191 504 3242 d.
525 3190 628 3259 Bapcr.
649 3190 740 3243 Aliud.
757 3193 853 3242 713.2
876 3190 939 3243 Abi.
959 3192 1156 3257 1854114413.

135 3258 294 3312 Wilmanns
303 3277 333 3327 p.
345 3263 382 3312 37
386 3277 424 3328 sq.
454 3261 639 3315 Reitzenstein
650 3261 716 3315 ibid.
728 3278 757 3329 p.
770 3265 803 3315 31
810 3278 847 3328 sq.
858 3268 884 3315 et
896 3263 1057 3328 praesertim
1070 3279 1098 3329 p.
1110 3265 1156 3315 80.

574 3411 712 3466 INDICIA

199 3513 222 3560 1.
253 3509 341 3563 Varro
365 3510 389 3563 d.
416 3512 433 3564 l.
453 3511 489 3563 L.
511 3514 606 3576 7,110
632 3511 722 3564 omnis
749 3511 841 3578 operis
868 3510 903 3563 de
928 3508 1027 3578 lingua
1053 3509 1156 3564 Latina

109 3573 166 3625 teca
176 3576 240 3628 feci
246 3580 353 3647 partis,
367 3582 467 3650 primo
478 3599 566 3652 quem
582 3583 617 3640 nd
633 3583 753 3640 modum
766 3581 905 3638 vocabas
916 3581 1051 3648 'imposiia
1064 3585 1158 3636 esseni
