2422 3840
444 197 480 253 Μ.
500 196 647 252 Terentius
665 197 754 252 Varro
1039 198 1104 273 335

89 366 222 426 monium
249 386 340 427 uxore
366 367 428 425 filiu
456 368 593 427 Numerii
616 366 739 427 Otacilii
761 368 964 428 Meleventnni
991 368 1045 427 sub
1070 389 1103 429 eo

87 459 186 533 paeto,
213 459 248 514 ut
271 475 359 533 quem
382 456 511 533 primum
533 457 628 515 filium
652 457 830 532 sustulisset,
853 457 880 516 ei
903 460 1031 517 materni
1055 461 1131 517 avis

87 565 268 621 praenomen
290 548 454 623 inponeret,
478 546 702 623 obtemperavit.

158 645 592 707 Ibid.6uum01u.-0sempsmu.
602 663 719 714 prorsus
728 647 820 700 eadem
829 646 929 700 Festus
936 664 964 715 p.
972 646 1053 713 17012,
1059 650 1102 702 32.

87 716 119 770 de
137 733 167 770 re
185 718 219 784 es.
238 717 351 783 se'.107,
370 719 403 772 de
418 718 539 772 Varrone
557 724 667 772 auctore
685 717 723 771 ad
740 719 776 785 fr.
792 722 852 773 323.

161 829 173 875 1
194 823 315 877 numerii
369 830 384 877 4
404 823 513 877 numeri
533 823 651 878 iotucilii
708 829 723 877 5
744 824 787 877 uvi
807 823 863 878 eod.
883 829 951 880 me
970 827 1019 877 eut
1038 829 1102 878 m.1

561 996 627 1052 337

152 1115 257 1193 Opiter
280 1121 332 1193 qui
354 1084 439 1194 putre
463 1121 590 1193 mortuo,
614 1138 669 1177 evo
693 1119 762 1179 vivo
785 1119 972 1197 gignebatur.

156 1217 178 1268 I
180 1216 233 1270 bid.
248 1221 265 1270 4
284 1230 361 1278 opiter
374 1249 401 1255 —
414 1231 555 1280 gignebatur.
573 1218 656 1271 Paul.
671 1219 745 1273 Fert.
760 1235 790 1286 p.
810 1221 925 1284 184,10
943 1216 1042 1287 Opiter
1060 1221 1104 1272 eet

84 1287 165 1340 euius
187 1290 269 1356 puter
292 1305 344 1341 evo
367 1288 430 1341 vivo
454 1290 580 1341 mortuus
604 1291 648 1342 est
671 1290 755 1343 ducto
779 1289 928 1358 vocabulo,
955 1291 1004 1342 eut
1026 1291 1102 1358 quod
1181 1293 1185 1299 ’

84 1358 166 1413 obitu
184 1360 274 1427 patris
292 1358 405 1429 genitus
425 1359 470 1425 sit,
496 1363 546 1414 aut
564 1361 640 1429 quod
664 1363 747 1414 ev'um
766 1360 801 1415 ob
820 1364 930 1429 petrem
948 1361 1053 1414 hebeat
1073 1361 1103 1414 id

84 1432 128 1484 est
145 1445 196 1498 pro
214 1433 302 1499 petre.
336 1432 371 1498 ef.
389 1431 482 1501 Quint.
499 1437 525 1497 1,
534 1436 560 1498 4,
569 1435 614 1486 25.
636 1431 721 1486 CGL
740 1432 785 1486 VI
799 1436 844 1487 25.
877 1434 912 1499 cf.
931 1433 968 1486 ad
986 1433 1022 1500 fr.
1038 1436 1101 1488 323.

156 1537 308 1591 vocabatur
326 1544 390 1593 aute
408 1538 456 1605 qui
476 1539 540 1592 add.
562 1539 643 1593 Gertz

559 1710 625 1766 338

150 1831 239 1890 Publi
270 1826 453 1910 [iudicantur
471 1824 552 1914 dicti]
584 1835 638 1908 qui
664 1834 747 1909 prius
778 1835 888 1909 pupilli
914 1834 987 1892 fecti
1015 1835 1100 1892 erunt

85 1939 175 1996 quum
202 1924 397 1998 praenomina
424 1921 579 1996 heberent,
609 1917 632 2000 †
656 1922 708 1981 ulii
732 1925 839 1982 ominis
863 1942 952 1982 ceusu
976 1943 991 1980 e
1014 1922 1101 1998 pube.

154 2021 230 2075 Ibid.
247 2024 264 2074 5
282 2035 349 2075 Publi
362 2053 389 2060 -
402 2047 414 2074 e
428 2037 493 2084 pube.
521 2021 556 2087 cf.
576 2022 613 2075 ad
630 2022 667 2088 fr.
682 2025 743 2075 323.

155 2133 170 2180 2
191 2126 252 2200 ulii]
272 2132 322 2181 eut
343 2128 423 2183 Gertz
441 2136 509 2183 recte
527 2134 559 2182 ut
576 2129 684 2182 videtur

558 2301 623 2356 339

150 2421 251 2480 Seston
274 2425 327 2497 qui
349 2441 403 2498 per
425 2424 570 2482 sationem
594 2426 684 2482 nutus
708 2426 773 2480 erat
796 2422 965 2498 adpellutus
989 2425 1041 2480 est.

153 2520 229 2574 Ibid.
244 2524 262 2574 4
280 2534 355 2575 sertor
368 2553 395 2560 -
408 2539 447 2575 eet.
469 2522 541 2576 Fest.
557 2540 586 2591 p.
603 2522 684 2588 3401’,
698 2525 735 2576 22
754 2520 895 2574 Sertorem
913 2521 1029 2589 quidem
1048 2539 1098 2590 pu-

80 2594 145 2644 tent
164 2590 271 2645 dictum
291 2610 307 2645 e
325 2593 501 2661 prendendo,
525 2594 591 2661 quie
615 2610 678 2647 num
702 2593 825 2661 cuipiam
844 2593 958 2646 adseret
975 2610 1098 2659 manum,

81 2663 220 2716 educendi
246 2663 306 2716 eius
329 2664 422 2732 gratia
451 2681 483 2717 ex
507 2665 641 2718 servitute
664 2665 693 2717 in
716 2664 890 2730 libertatem,
917 2667 1031 2718 vocetur
1050 2665 1099 2717 ud-

80 2737 178 2795 sertur.
194 2751 256 2788 eum
271 2735 449 2788 verisimilius
465 2735 501 2788 eit
512 2736 627 2805 dietum,
642 2737 691 2804 qui
702 2739 805 2789 sereret
815 2735 891 2803 quid.
902 2736 936 2802 cs.
948 2736 985 2789 ad
993 2736 1029 2802 fr.
1037 2739 1098 2790 323.

556 2909 621 2964 340

149 3025 268 3086 Servius
292 3028 372 3104 quod
395 3033 513 3088 mortua
535 3033 631 3089 matre
653 3032 686 3088 in
709 3033 793 3088 utero
817 3031 952 3088 servatus
976 3032 1031 3088 est.

154 3127 230 3180 Ibid.
246 3132 263 3180 6
281 3140 370 3182 Servius
384 3160 410 3168 —
425 3147 463 3182 eu.
491 3130 525 3196 es.
546 3130 583 3183 acl
600 3130 637 3196 fr.
653 3133 714 3183 323.

555 3283 619 3339 341

150 3401 251 3479 Spurii
273 3407 359 3480 putre
382 3405 495 3463 incerto
519 3407 613 3482 geniti
637 3407 723 3481 qussi
745 3403 906 3484 σποράδην.

151 3502 228 3555 [bid.
244 3506 262 3555 6
280 3515 355 3564 Spurii
368 3534 395 3541 -
410 3521 477 3572 σπορ.
506 3504 540 3571 Cf.
561 3504 599 3560 ad
618 3504 655 3573 fr.
672 3508 737 3561 323.

145 3607 326 3662 6ΠοΡΑΔΙΙ.·
345 3627 393 3664 em.
418 3612 502 3668 Gertz
523 3615 604 3672 -3ιοι
623 3618 719 3674 Halm
