2422 3840
110 164 174 229 502
275 163 480 220 Grammaticus
499 165 601 220 aetatis
620 167 781 237 Augusteae
800 166 959 237 fragmenta

109 327 154 393 (cf.
170 326 202 380 de
216 343 247 380 eo
261 327 417 394 qnomione
434 327 670 393 GLoernrnerlrirt,
691 327 835 381 Conrnrent.
849 328 919 395 phil.
933 327 994 380 Jen.
1010 331 1035 380 4,
1056 330 1128 380 1890

104 414 134 465 p.
150 399 223 466 320).
252 399 321 451 melei
337 398 386 451 lroe
406 401 545 466 posterius
565 416 730 466 persnosnrn
755 406 808 463 est;
835 400 896 452 licet
919 399 992 451 enirn
1017 397 1129 451 Servius

109 469 225 522 alterurn
247 469 281 523 ab
301 469 385 523 altero
405 471 529 524 Pollione
551 486 608 523 non
631 471 776 535 discernet,
802 486 884 537 qnam
906 469 1130 523 consuetudinem

109 540 186 608 apnd
204 541 323 594 Latinos
340 543 484 608 scriptores
503 543 613 608 soepins
634 543 749 610 reperiri
770 558 857 609 snpra
878 541 1011 605 uidimus,
1037 556 1130 610 nnpers

108 612 245 665 Pollionis
259 612 395 666 Aeneidos
413 614 568 680 interpretis
587 613 736 667 censente
755 615 803 666 illo
821 613 927 666 tonino
944 614 1009 664 soni
1027 612 1131 665 indicii

108 683 268 750 subtilisque
290 684 440 753 elegantiae
459 686 545 752 plone
563 685 671 737 alienos
689 701 742 737 esse
761 683 879 738 errbeolc
896 684 989 736 docnit
1012 684 1128 752 (proteo.

109 754 146 807 od
162 755 238 824 Verp.
248 773 279 823 p.
291 759 343 809 114
349 757 405 824 sp).
438 756 554 820 fuerant
566 756 663 808 Asinii
676 756 815 808 Polliones
829 757 911 809 etiarn
924 760 1021 822 posteo
1035 755 1129 807 minus

108 826 211 879 nobiles
238 827 283 894 (of.
307 826 385 879 niodo
409 827 522 893 Prosop.
548 828 612 894 imp.
637 826 715 879 Ronr.
739 827 1017 893 1,163et167sq.),
1046 831 1072 879 et
1096 826 1129 879 de

106 911 226 964 persono
244 899 400 965 interpretis
418 897 527 951 Seroins
545 914 647 951 errasse
660 904 756 965 potest.

596 1031 638 1089 13

176 1135 253 1209 illud
290 1135 369 1212 quod
405 1135 528 1194 Asinius
559 1123 655 1195 Pollio
692 1135 766 1193 dicit
802 1138 883 1194 caret
918 1135 1050 1207 ratione,
1092 1136 1129 1194 de

108 1223 326 1283 Achaemenide
357 1225 470 1282 dietum
502 1220 602 1283 ‘miles
629 1220 737 1297 Ulixi',
767 1224 970 1300 Myrmidonas
998 1243 1069 1283 vero
1099 1228 1130 1282 et

108 1313 241 1389 Dolopas
273 1316 445 1389 praesentes
479 1331 541 1372 esse
572 1315 708 1388 acceptos
742 1314 778 1371 ab
806 1313 936 1387 Heleno,
973 1312 1015 1372 sic
1049 1315 1129 1371 enim

109 1402 183 1461 dieti
205 1403 355 1478 frangitur
377 1402 517 1479 dignitas,

179 1492 252 1547 Sero.
271 1494 340 1547 Aen.
355 1496 415 1557 2,7
440 1492 506 1544 ‘aut
525 1491 588 1544 duri
606 1491 687 1544 miles
706 1490 802 1544 Ulixi'.
835 1491 898 1544 duri
915 1509 972 1544 non
991 1490 1130 1544 laboriosi

47 1569 49 1575 '
110 1563 158 1616 scd
178 1563 297 1617 crudelis
318 1595 359 1617 —.
397 1577 455 1616 mua
474 1565 569 1615 autom
587 1577 648 1625 quod
661 1595 687 1602 —
701 1577 805 1626 digmus.

598 1707 639 1762 14

178 1811 214 1869 de
233 1812 286 1869 illo
306 1812 370 1870 loco
389 1810 478 1868 multi
497 1813 644 1884 quaerunt
663 1804 750 1889 [Aen.
771 1813 798 1879 6,
816 1804 906 1888 561]:
926 1805 1005 1886 ‘quis
1024 1813 1129 1870 tantus

110 1901 233 1979 clangor
252 1900 291 1959 ad
309 1894 429 1958 auras‘l'
463 1902 492 1957 et
508 1898 605 1957 Pollio
624 1899 696 1958 dicit
710 1899 827 1958 Aeneae
847 1904 876 1958 et
891 1898 1033 1974 Sibyllae,
1053 1919 1128 1975 quas

109 1989 156 2047 illi
184 2008 284 2048 seeum
310 1990 477 2062 traxerant,
508 2006 575 2045 cum
604 1992 717 2047 constet
742 2007 804 2047 esse
828 1988 919 2046 etiam
942 1988 1005 2048 illic
1029 2007 1128 2047 auras

181 2080 252 2134 Sero.
268 2080 337 2132 Aen.
350 2082 375 2144 6,
384 2082 436 2131 554
450 2094 530 2129 auras
545 2080 640 2130 autem
655 2076 752 2130 inferis
767 2093 904 2146 congruas
919 2077 1128 2146 intellegamus.

111 2148 217 2203 Statius
237 2150 270 2202 de
285 2149 422 2202 Mercurio
440 2149 481 2201 ait
500 2149 545 2220 [cf.
565 2149 643 2202 l'tieb.
654 2150 733 2219 2,2]:
752 2149 850 2217 pigrae
870 2165 954 2201 aurae
973 2148 1034 2202 eius
1049 2149 1130 2218 inpo-

110 2221 227 2274 diebant
244 2220 379 2274 volatum.
416 2235 444 2273 de
457 2235 497 2273 illo
516 2218 590 2272 enim
608 2235 658 2274 loco
676 2252 702 2259 —
720 2245 791 2273 auras.

598 2362 640 2419 15

179 2464 339 2526 ‘extulerat
352 2462 469 2526 lucem’.
498 2468 621 2526 Asinius
636 2467 733 2526 Pollio
751 2467 824 2525 dicit
837 2467 950 2542 ubique
959 2467 1129 2545 Vergilium

110 2557 142 2615 in
178 2557 238 2615 diei
275 2557 473 2632 descriptione
511 2575 675 2615 sermonem
711 2557 841 2631 aliquem
877 2575 986 2630 ponere
1024 2561 1129 2632 aptum

110 2646 317 2722 praesentibus
345 2646 447 2719 rebus,
478 2648 512 2703 ut
534 2645 590 2704 hoo
613 2646 692 2718 loco,
723 2647 795 2721 quia
818 2646 955 2702 funerum
978 2650 1007 2705 et
1031 2647 1129 2721 sepul·

109 2738 247 2794 turanum
269 2753 316 2793 res
340 2737 448 2812 agitur,
477 2734 551 2792 dicit
574 2736 733 2808 extulerat,
761 2734 833 2791 item
856 2733 888 2791 in
911 2737 1028 2808 quarto,
1058 2728 1157 2810 quia'

112 2827 157 2883 est
175 2826 372 2900 navigaturus
386 2824 503 2882 Aeneas
524 2827 553 2881 et
571 2824 727 2881 relicturus
746 2823 902 2895 Didonem,
925 2823 998 2881 dicit
1020 2818 1130 2903 [585]:

111 2907 246 2971 ‘Tithoni
269 2932 405 2971 croceum
428 2914 565 2986 linquens
587 2912 705 2971 Aurora
729 2907 843 2969 cubile'.

182 3010 254 3065 Serv.
274 3013 342 3065 Aen.
359 3015 471 3077 11,183
490 3026 601 3064 extulerat
614 3043 641 3049 -
654 3025 733 3063 cubile.

483 3250 749 3337 LURANIUS

180 3420 342 3474 Lnroninrn
367 3421 407 3474 oet
434 3421 589 3474 Loroninm
611 3419 767 3488 Anpnsteoe
794 3419 892 3472 oetotrs
918 3421 1131 3488 prommoticnrn

95 3495 247 3550 tenendnrn
271 3511 327 3551 esse
345 3501 428 3567 pnto,
453 3512 516 3551 crini
539 3492 758 3548 denominetis
781 3489 914 3544 sotiatus
935 3492 1075 3545 consensio
1093 3493 1132 3544 sit

82 3563 251 3632 (tautanius
279 3571 340 3628 cod.
365 3572 499 3647 Arpent.)
527 3585 617 3642 neqnc
640 3563 793 3636 frequenti
815 3562 873 3614 eius
895 3565 1081 3625 oruamentum
1101 3562 1139 3610 ud
