2422 3840
327 177 369 232 De
387 177 462 231 ludis
480 177 639 232 litterarum
658 179 687 231 et
705 178 847 248 magistris
1060 177 1098 230 XI

84 346 219 422 exemplo
241 347 301 404 fuit
324 345 362 404 ad
384 345 572 404 imitandum.
617 345 760 404 hactenus
783 349 884 404 tamen
911 347 1036 419 imitati,
1064 348 1098 403 ut

82 438 215 495 carmina
242 454 349 511 parum
377 435 472 494 adhuc
500 434 655 512 divolgata
682 434 730 493 vel
758 434 966 493 defunctorum
989 434 1138 493 amico-10

81 545 148 584 rum
171 524 219 583 vel
243 526 269 582 si
291 543 418 599 quorum
441 522 568 583 aliorum
587 523 772 600 probassent,
794 523 969 600 diligentius
987 527 1097 581 retrac-

79 615 181 672 tarent
213 631 247 672 ac
279 613 404 690 legendo
438 612 723 687 commentandoque
755 614 847 671 etiam
884 614 989 671 ceteris
1026 614 1098 670 nota

79 704 220 760 facerent.
263 703 361 772 λοςοολο
382 702 498 758 Cratetis
511 704 603 756 eadem
621 718 675 756 esse
689 701 796 757 videtur
809 719 879 770 qaae
892 702 931 756 ad
944 719 969 755 a.
981 701 1099 772 586s168

80 801 99 836 a
117 785 200 837 Livio
223 789 387 837 memorator
410 783 589 850 (45,13,12;
614 783 648 848 ef.
669 780 739 848 Leo,
757 783 800 836 Pl.
821 782 856 836 F.
872 799 900 850 p.
920 785 958 835 29
981 780 1046 834 ede.
1063 782 1097 849 1).

80 855 161 909 aliter
184 855 290 909 Julian
308 871 339 922 p.
354 858 416 908 369.
453 853 488 919 es.
503 855 585 908 etiem
608 853 719 923 Sandys
739 870 768 921 p.
786 856 883 921 156ος.
911 859 1026 908 ceteram
1044 853 1099 906 vim

82 926 199 981 Cratetis
226 926 263 978 cd
287 925 475 979 Romanorum
501 925 710 995 yremmetieem
738 926 824 978 aliiue
851 925 911 979 tolli
933 939 990 978 παπ
1012 924 1098 989 licere,

79 998 162 1051 verbe
186 996 332 1064 ‘quactum
355 997 512 1064 opiaemor’
538 997 684 1050 ostendent
707 997 751 1062 (cf.
771 997 933 1065 peeoeertim
956 994 1098 1060 Sesemilel,

82 1068 189 1123 Grieeh.
205 1069 273 1122 Lea.
296 1068 322 1121 d.
337 1069 416 1122 Alex.
431 1070 463 1133 2,
477 1069 557 1136 aaa).
613 1068 677 1120 ada.
702 1068 762 1121 erit.
785 1067 829 1120 ed.
853 1067 930 1135 apoc
950 1067 1028 1121 Vere.
1043 1067 1061 1120 l.
1076 1082 1097 1119 e.

81 1139 114 1193 de
134 1138 239 1193 Oretete
257 1140 292 1205 ef.
314 1138 526 1204 OWaehanaee,
545 1138 578 1192 de
597 1139 703 1193 Gretete
722 1138 843 1192 Mallote
861 1139 986 1206 (Lipsiae
1006 1138 1098 1206 1860).

157 1249 181 1298 6.
206 1263 231 1299 ο.
257 1245 385 1315 5941166
412 1245 580 1299 Isocrates
605 1245 800 1314 eremmatieee
825 1246 950 1313 captivus
973 1262 992 1298 ο
1014 1243 1099 1315 Syrie

80 1317 298 1457 sseggalaogfflg,
316 1317 363 1370 ced
376 1316 401 1370 is
414 1323 500 1370 meate
514 1323 611 1384 captas
625 1316 730 1386 (Polyb.
747 1321 790 1381 31,
801 1320 844 1381 33,
855 1321 879 1370 5.
900 1319 944 1382 32,
954 1320 979 1382 4,
989 1319 1016 1369 2.
1036 1319 1062 1381 3,
1073 1320 1098 1369 6.

151 1514 179 1569 7.
207 1510 264 1570 Gic.
283 1511 371 1569 Brut.
392 1513 456 1569 194
479 1512 540 1569 iuit
563 1509 712 1570 Gracchus
736 1504 887 1588 [Tiberias
910 1528 938 1568 α.
960 1504 1099 1589 5914163

81 1593 184 1678 aetas]
223 1599 381 1677 diligentia
418 1597 572 1659 Corneliae
608 1601 714 1658 matris
751 1617 769 1657 a
805 1618 898 1674 puero
930 1599 1034 1658 doctus
1070 1601 1100 1657 et

82 1687 203 1748 Graecis
231 1689 340 1747 litteris
370 1688 511 1748 eruditus.
557 1707 628 1745 nam
656 1706 772 1764 semper
798 1688 905 1746 habuit
937 1688 1099 1764 exquisitos

83 1797 98 1836 e
123 1777 248 1837 Graecia
271 1779 442 1854 magistros,
465 1779 497 1835 in
521 1779 562 1836 eis
590 1779 652 1835 iarn
680 1777 852 1836 adulescens
876 1776 1099 1851 Diophanem

81 1866 344 1941 Mytilenaeum
377 1865 519 1926 Graeciae
551 1864 735 1940 temporibus
767 1865 827 1924 illis
861 1866 1098 1925 disertissimum.
1128 1880 1139 1920 ο

84 1958 119 2023 ef.
139 1957 214 2011 Plet.
236 1956 279 2009 Ti.
302 1955 350 2010 Gr.
366 1960 393 2010 8.
411 1961 455 2012 29.
502 1955 580 2013 Pici.
603 1954 633 2013 O.
655 1954 708 2014 Gr.
729 1957 770 2012 19
794 1949 813 2030 ἡ
838 1954 989 2033 Κορνηλία
1003 1946 1099 2031 -ἧα

85 2038 117 2102 δὲ
140 2041 307 2120 πολύφιλος
329 2041 378 2102 καλ
403 2041 451 2102 διὰ
474 2042 645 2120 φιλοξενίαν
664 2040 846 2122 εὐτράπεζος,
865 2040 910 2102 ἆελ
929 2039 982 2119 μὲν
995 2036 1099 2119 Ἑλλή-

84 2154 146 2191 νοον
170 2129 220 2190 καλ
243 2131 409 2211 φιλολόγων
432 2130 498 2211 περὶ
521 2130 615 2208 αὐτὴν
635 2128 738 2192 ὄντων.
777 2132 841 2192 Vel.
860 2133 946 2191 Mac.
966 2135 996 2201 4,
1012 2135 1041 2201 4,
1049 2151 1100 2206 pr.

86 2218 224 2280 Gornelia
244 2220 445 2280 Gracchorum
467 2224 572 2296 mater,
596 2240 662 2281 cum
683 2219 836 2298 Gampana
858 2224 997 2280 matrona
1021 2220 1100 2296 apud

84 2309 168 2368 illam
200 2310 320 2384 hospita
353 2313 528 2368 ornamenta
560 2328 614 2368 sua
645 2310 847 2386 pulcherrima
876 2310 958 2369 illius
989 2310 1101 2369 saeculi
1116 2325 1141 2364 ιο

83 2398 261 2473 ostenderet,
284 2399 377 2457 traxit
400 2418 466 2457 earn
489 2394 820 2476 sermone‚.<donec>e
844 2399 944 2458 schola
968 2398 1100 2458 redirent

82 2487 184 2560 liberi,
207 2490 238 2546 et
262 2483 357 2545 ‘haec’
380 2488 480 2564 inquit
504 2482 691 2546 ‘ornamenta
714 2492 785 2547 eunt
807 2483 894 2546 mea'.

156 2600 188 2647 11
209 2593 298 2648 donec
316 2595 380 2649 add.
403 2595 483 2649 Gertz
503 2595 570 2648 dum
588 2613 629 2665 ορ.

156 2719 183 2777 8.
215 2717 320 2776 Strabo
346 2722 396 2787 14,
418 2719 480 2777 659
513 2716 562 2777 καὶ
586 2716 759 2794 Σώστρατος
787 2714 818 2777 δὲ
847 2715 862 2778 ὁ
891 2715 1019 2794 ἀδελφὸς
1046 2725 1098 2776 τοῦ

79 2799 292 2884 Ἀριστοδήμου
312 2800 361 2886 [ef.
376 2801 508 2887 163124]
530 2805 580 2866 καλ
598 2804 685 2879 ἄλλος
700 2799 954 2887 Ἀριστόδημος
974 2803 1098 2880 ἀνεψιὸς

83 2893 175 2955 αὐτοῦ
204 2891 220 2954 ὁ
247 2895 409 2968 παιδεύσας
436 2895 567 2976 Μάγνον
596 2895 758 2973 Πομπήιον
785 2894 933 2974 ἀξιόλογοι
962 2891 1099 2974 γεγόνασι

81 2983 284 3064 γραμματικοί.
308 2986 351 3039 ,ed
368 2988 490 3055 spetiem
506 3003 644 3041 eecorwm
659 2986 925 3056 6541166-664199
939 2984 1099 3039 dedaeimwr

83 3065 267 3133 (Hellseherp.
278 3068 351 3134 378).
371 3067 405 3132 cf.
416 3065 551 3120 Sasemihl
560 3071 586 3133 2,
598 3071 694 3135 183sq.
716 3066 824 3132 Geraia,
834 3065 887 3120 Re.
897 3067 973 3119 Mae.
983 3068 1098 3129 62,119.

151 3181 179 3236 9.
206 3179 262 3238 oa.
287 3180 374 3239 Brut.
399 3183 465 3239 312
496 3161 600 3240 eodem
631 3184 764 3256 tempore
793 3174 834 3259 [ο.
861 3172 1001 3258 673481]
1025 3178 1096 3236 Μο-

83 3268 160 3327 loni
189 3267 323 3327 dedimus
354 3289 486 3345 operam3
517 3270 663 3329 dictatore
694 3270 773 3328 enim
804 3268 887 3328 Sulla
914 3269 1031 3345 legatus
1060 3267 1098 3324 ad

84 3359 221 3416 senatum
244 3357 280 3416 de
308 3358 491 3418 Rhodiorum
513 3359 654 3434 praemiis
678 3362 807 3417 venerat.
852 3360 968 3425 fortasse
987 3358 1098 3425 Apollo·

82 3439 150 3490 αιάο
166 3437 244 3492 Molo
262 3439 320 3492 iem
338 3457 412 3494 οπαο
428 3444 484 3494 667
485 3440 498 3511 s
503 3444 540 3494 87
558 3441 671 3494 allerias
686 3440 857 3494 Rhodiorum
875 3437 1019 3507 leqcticae'e
1038 3452 1099 3490 cem

83 3509 235 3563 Posidonio
265 3510 350 3577 (Plut.
376 3512 452 3565 Mer.
476 3513 522 3580 45)
548 3512 688 3580 particeps
716 3511 810 3577 sceret
839 3509 906 3578 (Cic.
932 3509 1018 3561 Brat.
1041 3511 1111 3567 391,

83 3595 162 3646 quem
186 3580 272 3634 λοοαοο
294 3583 402 3636 seclusit
425 3583 520 3652 Balce).
559 3583 631 3637 idem
654 3599 716 3638 αιοη
738 3581 880 3638 rhetorica
905 3576 1129 3651 cenomanicam
