2422 3840
449 165 486 218 M.
505 164 614 219 Tullius
634 165 699 220 Tiro
964 162 968 169 “
1015 169 1080 234 395

499 335 518 394 5
555 335 632 393 deest

132 443 224 519 apud
248 442 396 501 eundem
419 328 562 517 poetandi
586 329 686 520 [Hdm.
706 445 748 502 It.
766 448 794 513 7,
810 439 866 523 89]
890 444 983 503 Aiax
1004 464 1080 504 cum

63 534 219 594 Hectore
249 532 486 609 congrediens
517 531 748 609 depugnandi
777 550 884 592 causa
915 536 1008 611 agit,
1041 537 1080 592 ut

59 623 274 699 sepeliatur,
294 622 322 679 si
342 623 391 679 sit
409 621 502 678 forte
516 621 647 695 victus,
667 620 901 698 declaratque
925 641 961 682 se
984 625 1079 683 velle

63 716 104 771 ut
123 730 223 771 suum
237 711 412 769 tumulum
430 710 556 768 multis
575 712 684 768 etiam
702 715 785 786 post
799 714 955 770 saeculis
974 731 1078 789 pree-

60 803 249 860 tereuntes
273 800 323 858 sio
346 801 557 873 loquantur:
582 794 655 857 ‘hic
679 800 770 859 situs
794 805 848 859 est
870 803 967 860 vitae
991 804 1078 860 iam·

60 889 199 968 pridem
222 888 358 947 lumina
380 888 561 962 linquens,
582 884 596 966 l
617 889 676 964 qui
701 889 877 965 quondam
900 890 1078 950 Hectoreo

62 979 251 1055 perculsus
288 976 448 1036 concidit
483 972 607 1056 enses
634 978 775 1036 fabitur
806 979 891 1038 haec
929 980 1078 1055 aliquis,

63 1087 139 1126 mea
162 1085 298 1142 semper
321 1067 440 1144 glorie
463 1062 588 1126 vivet'.

138 1166 205 1221 Geli.
221 1171 265 1230 15,
280 1170 306 1231 6,
321 1171 336 1218 1
355 1165 385 1217 in
403 1163 476 1218 libro
490 1164 526 1218 M.
542 1164 637 1231 Tullii,
657 1167 706 1232 qui
720 1170 763 1238 est
777 1166 916 1220 secundus
931 1168 965 1220 de
980 1168 1079 1237 gloria,

59 1237 229 1292 manifestus
248 1253 323 1291 error
341 1239 383 1289 est
401 1253 457 1290 non
475 1252 595 1304 magnae
613 1236 662 1302 rei,
681 1255 764 1305 quem
783 1254 903 1292 errorem
917 1255 976 1291 esee
990 1239 1080 1307 possit

64 1324 231 1380 cognoscere
258 1326 314 1361 non
343 1306 445 1374 aliquis
474 1307 659 1373 eruditorum,
688 1309 737 1362 sed
765 1309 814 1376 qui
841 1311 952 1362 tantum
977 1309 1079 1380 legerit

60 1380 193 1448 ‘Opelpov
211 1379 243 1433 τὸ
263 1379 281 1445 η’
299 1378 439 1449 [89-91].
473 1395 558 1445 quam
576 1378 611 1433 ob
631 1395 690 1432 rem
709 1381 842 1433 nontam
860 1379 890 1433 id
909 1381 1080 1434 mirabamur

59 1469 170 1506 errasse
188 1451 218 1503 in
237 1467 271 1504 ea
288 1465 319 1504 re
338 1450 374 1502 M.
390 1449 521 1515 Tullium,
536 1467 621 1517 quam
638 1468 693 1503 non
712 1467 772 1505 esse
787 1451 1013 1504 animadversum
1026 1454 1079 1505 hoo

62 1527 163 1593 postea
190 1524 399 1587 correctumque
423 1520 465 1573 vel
490 1521 525 1572 ab
551 1522 612 1590 ipso
638 1523 682 1575 vel
708 1540 725 1573 a
752 1522 853 1576 Tirone
880 1523 982 1577 liberto
1010 1525 1078 1589 cius,

59 1595 280 1664 diligentissimo
295 1593 408 1645 homine
421 1593 450 1645 et
464 1592 599 1646 librorum
612 1594 725 1661 patroni
738 1594 782 1647 sui
796 1595 1011 1647 studiosissimo,
1037 1595 1079 1648 ita

59 1666 138 1720 enim
164 1665 298 1733 scriptum
324 1666 353 1716 in
380 1681 423 1717 eo>
437 1663 510 1716 libro
536 1666 578 1716 est
604 1665 675 1735 [ΠΤ3
697 1682 725 1732 p.
746 1669 798 1718 331
826 1666 883 1720 OF
895 1667 1077 1736 WMrceller]:

58 1752 123 1800 apud
137 1751 232 1791 eundem
245 1768 271 1774 —
285 1751 356 1799 gloria
375 1751 441 1789 vivet.

442 1966 698 2020 EPISTULARUM

189 2109 237 2162 DE
256 2109 373 2162 REBUS
392 2109 643 2165 GRAMMATICIS
662 2108 952 2174 RHETORICISQUE

498 2281 517 2336 c
540 2273 643 2358 [deest]

132 2404 266 2478 culpavit
286 2397 370 2481 [Tiro
387 2398 515 2481 Tullius]
536 2406 665 2478 primum
685 2404 739 2461 hoc
762 2403 841 2478 quod
860 2403 934 2462 (lato
958 2403 1078 2462 ineru-

60 2493 140 2551 dite
164 2495 198 2550 et
221 2489 424 2570 ἀναγώγως,
448 2498 482 2550 ut
502 2493 565 2567 ipse
585 2493 636 2566 ait,
659 2493 807 2567 principio
826 2495 914 2551 nimis
937 2493 1079 2551 insolenti

63 2582 212 2656 nimisque
243 2583 305 2639 acri
328 2585 357 2639 et
385 2582 588 2659 obiurgatorio
616 2600 686 2640 usus
717 2584 769 2654 sit,
800 2600 866 2639 cum
893 2584 989 2640 vereri
1016 2600 1077 2640 sese

60 2670 202 2743 ostendit,
231 2689 267 2728 ne
290 2674 390 2745 patres
414 2671 524 2747 gaudio
548 2674 639 2745 atque
668 2671 785 2728 laetitia
812 2690 911 2728 rerum
938 2689 1077 2746 prospere

61 2762 215 2837 gestarum
240 2759 274 2817 de
303 2763 385 2817 statu
412 2761 519 2817 mentis
547 2778 617 2818 suae
646 2759 794 2817 deturbati
825 2778 884 2817 non
912 2761 986 2817 satis
1010 2778 1078 2817 con·
1105 2778 1117 2816 s

63 2849 196 2923 siperent
228 2867 322 2923 neque
355 2849 392 2905 ad
425 2851 503 2907 recte
539 2848 771 2924 intellegendum
809 2848 1077 2923 consulendumque

63 2940 164 2995 essent
190 2938 298 2995 idonei.
345 2941 380 2995 in
410 2939 604 3012 principiis
637 2941 756 2995 autem
788 2937 887 3012 inquit
918 2938 1077 3011 patroni,

61 3027 127 3101 qui
146 3045 209 3100 pro
228 3028 299 3084 reis
322 3025 459 3098 dicunt,
482 3026 679 3085 conciliare
701 3026 772 3084 sibi
795 3028 830 3084 et
853 3026 1077 3101 complacare

62 3114 204 3173 iudices
223 3115 353 3173 debent
371 3134 566 3190 sensusque
585 3133 705 3173 eorum
726 3115 977 3188 expectatione
997 3133 1076 3174 oeu-

61 3223 123 3262 sae
143 3222 333 3279 suspensos
357 3206 588 3281 rigentesque
606 3204 824 3262 honorificis
847 3204 1077 3262 verecundis·
1092 3223 1118 3262 ro

65 3312 131 3368 que
166 3295 359 3352 sententiis
396 3295 642 3366 commuloere‚
679 3312 748 3350 non
785 3292 932 3350 iniuriis
970 3296 1077 3366 atque

64 3383 272 3456 imperiosis
304 3382 566 3440 minationibus
599 3383 796 3441 confutare.
842 3385 943 3456 ipsum
973 3381 1081 3438 deinde

60 3473 244 3546 principium
255 3473 402 3546 apposuit,
412 3473 494 3530 cuius
511 3472 601 3532 verba
613 3473 689 3531 bueo
698 3464 830 3549 suntbll
846 3461 1109 3540 llordkfsslw

60 3561 178 3618 solere
200 3561 389 3636 plerisque
417 3562 634 3626 hominibus
658 3562 776 3624 rebus
803 3555 993 3619 secundis
1013 3550 1140 3608 ab&
