2422 3840
119 143 185 208 390
269 143 473 199 Grammaticae
493 145 595 199 aetatis
614 145 805 200 varronianae
823 145 983 214 fragmenta

113 297 278 372 'Ramnium
300 312 445 372 Lucerum
468 314 586 373 fiebant.
632 316 735 389 itaque
757 315 848 389 primi
876 314 1061 394 singularum
1085 315 1134 374 de·

118 402 269 460 curiarum
296 402 467 461 decuriones
496 403 581 477 dicti,
612 405 664 479 qui
691 422 726 461 ex
749 423 783 462 eo
811 406 843 461 in
871 405 997 482 singulis
1025 406 1135 463 turmis

117 494 187 550 sunt
210 491 301 551 ctiam
323 510 401 551 nuno
424 493 510 551 terni.

187 591 261 645 Fert.
275 608 307 661 p.
322 595 403 655 3551,
419 595 436 645 6
453 608 549 645 turmam
562 623 589 630 —
602 607 666 645 terni.
696 592 783 646 Varro
803 592 835 645 de
854 594 871 645 l.
891 593 925 646 L.
946 596 972 658 5,
987 596 1021 646 91
1040 594 1134 646 turma

115 661 217 714 terima
236 665 262 731 (e
280 663 311 715 in
328 680 347 715 u
367 662 457 731 abiit),
476 663 551 731 quod
570 664 614 716 ter
633 663 698 716 deni
718 664 827 731 equites
844 663 983 716 extribus
1002 663 1134 717 tribubus

115 731 283 786 Titiensium
301 734 451 786 Ramnium
470 734 606 787 Lucerum
629 734 740 788 fiebant.
782 734 879 802 itaque
901 734 985 803 primi
1008 734 1134 804 singula-

116 821 178 857 rum
198 805 373 858 decuriarum
392 805 555 858 decuriones
575 805 652 871 dicti,
672 806 723 874 qui
742 805 777 859 ab
797 821 829 860 eo
848 806 878 858 in
897 805 1016 872 singulis
1032 806 1133 859 turmis

117 879 182 928 sunt
196 876 283 929 etiam
296 893 370 930 nunc
384 876 465 930 terni.
484 878 519 943 cf.
530 877 613 931 Paul.
629 877 703 932 Fert.
713 895 743 946 p.
760 880 822 941 354,
835 880 862 930 2.
881 877 950 931 leid.
965 893 1004 930 or.
1015 881 1042 942 9,
1052 880 1079 943 3,
1089 882 1132 931 51.

188 989 200 1034 1
223 982 347 1037 adiciam
437 999 524 1050 quase

389 1316 441 1400 M.
476 1313 700 1401 TULLIUS
734 1315 859 1400 TIRO

115 1605 225 1660 VITAE
457 1535 495 1602 Α.
519 1535 788 1602 TESTIMONIA

125 1783 127 1787 .
187 1739 210 1787 1.
241 1733 296 1787 εΜ.
315 1733 422 1786 Tullius
449 1733 524 1786 Tiro’
550 1733 679 1798 Hieron,
704 1732 827 1786 ‘Tulliae
854 1733 932 1786 Tiro’
958 1733 1034 1786 Ptin.
1062 1734 1133 1788 Geli,

115 1804 287 1870 Setol.Bob.‚
303 1804 382 1858 ‘Tiro
400 1804 518 1858 Tullins’
542 1803 609 1857 Geli.
628 1805 747 1872 saepiae,
763 1804 852 1858 ‘Tiro’
872 1805 961 1874 culpo.
991 1805 1056 1859 Tiro
1074 1805 1133 1871 for-

114 1883 184 1929 tasse
202 1877 234 1928 in
252 1876 330 1929 dorne
348 1877 411 1944 ipso
431 1875 568 1929 Ciceronis
585 1891 670 1928 cerna
687 1881 771 1929 notus
789 1881 827 1929 ert
849 1876 894 1943 (es.
914 1875 1134 1944 Enqelbronner,

115 1946 146 1999 de
162 1948 204 2001 Μ.
217 1948 306 2001 Tullio
324 1948 431 2000 Tirone.
446 1947 592 2000 Amstelod.
608 1950 721 2014 180410.
735 1951 768 2012 ὃς
785 1946 952 2012 Jansmann,
968 1947 1011 2000 M.
1023 1948 1134 2002 Tullius

118 2019 190 2072 Tiro.
214 2020 360 2088 Dillinyen
383 2022 457 2071 1897
474 2035 505 2086 p.
526 2020 582 2085 16):
616 2025 683 2072 certe
707 2017 829 2071 Graecae
856 2019 961 2087 oriqine
987 2034 1045 2071 non
1073 2028 1136 2073 erat

115 2090 180 2158 (Cic.
200 2089 238 2143 ad
256 2090 323 2154 fam.
344 2094 388 2154 10,
402 2094 427 2155 4,
441 2091 479 2157 2),

185 2182 211 2232 2.
232 2179 347 2231 Hieron.
363 2179 401 2232 ad
417 2197 442 2232 o.
458 2178 955 2246 11120192311111111113511.
977 2178 1014 2248 [a.
1031 2179 1132 2250 74915.

115 2250 216 2320 75014]
236 2249 272 2302 M.
288 2249 396 2302 Tullius
411 2249 476 2303 Tiro
491 2247 632 2303 Ciceronis
650 2248 768 2302 libertus
784 2281 816 2288 —
832 2250 861 2300 in
875 2248 1030 2303 Puteolano
1049 2267 1132 2318 prae-

115 2320 161 2373 dio
181 2338 231 2374 suo
250 2337 338 2388 usque
357 2321 392 2373 ad
412 2320 595 2374 centesimum
618 2336 723 2373 annum
742 2320 922 2374 consenescit.
955 2339 1017 2374 enm
1037 2321 1133 2377 Cicero

114 2394 172 2461 ipse
194 2392 319 2446 Tironem
338 2392 489 2446 instituerit
506 2393 573 2461 (test.
590 2394 616 2460 3)
635 2408 746 2459 enmqne
766 2410 790 2445 a.
808 2392 916 2462 704150
934 2394 1133 2447 adulescentem

115 2465 231 2531 appellet
255 2465 321 2532 (test.
339 2467 391 2532 11),
419 2480 494 2516 anno
518 2463 644 2531 6491105
668 2463 709 2517 cel
734 2462 875 2532 6501104,
902 2468 934 2516 nt
958 2464 1072 2532 qnidam
1098 2483 1133 2519 ec

115 2535 285 2604 Hieronymo
308 2536 479 2605 collepernnt,
502 2541 586 2589 notns
608 2551 662 2588 eece
679 2551 736 2588 non
750 2540 847 2602 potest.
885 2552 968 2603 qnare
985 2536 1058 2589 sient
1080 2538 1132 2590 snb

114 2611 184 2659 certo
209 2623 284 2659 anno
309 2606 455 2660 Suetonius
482 2607 569 2659 cerlis
598 2607 705 2659 ‘clarus
729 2607 857 2660 habetnr’
886 2607 1027 2674 scriptoris
1054 2608 1132 2661 lnca-

115 2678 292 2731 lentissimnm
317 2678 388 2731 citae
413 2678 534 2746 spatium
559 2679 686 2731 denotare
711 2678 788 2742 solet,
814 2679 855 2730 ita
880 2678 923 2730 laic
948 2679 1047 2746 opinor
1070 2695 1133 2732 voce

116 2748 299 2802 ‘consenescit’
316 2749 482 2802 enrricnlnm
500 2751 643 2802 senecintis·
662 2749 793 2817 eleeipnot,
812 2765 868 2802 non
886 2751 959 2802 citae
975 2750 1131 2815 terminum,

114 2835 191 2886 qnem
209 2820 280 2873 idem
298 2820 397 2888 nbiqne
418 2821 512 2873 ‘mori’
533 2820 610 2873 uerbo
628 2821 774 2890 siqnidem.

186 2911 211 2960 3.
240 2907 307 2962 Geli.
323 2913 348 2973 6,
364 2912 422 2973 3,8
448 2924 480 2960 eo
509 2908 634 2978 [Tirone]
661 2908 696 2960 ab
720 2909 834 2960 ineunte
858 2910 951 2961 aetate
974 2908 1132 2963 liberaliter

114 2978 244 3031 instituto
264 2979 496 3033 adminiculatore
516 2981 544 3031 et
563 2980 644 3046 quasi
663 2980 828 3033 administro
850 2979 880 3032 in
899 2979 1001 3032 studiis
1020 2979 1129 3033 fittera-

113 3067 176 3102 rum
190 3049 285 3104 Cicero
299 3068 366 3103 usus
381 3055 430 3104 est.
452 3051 505 3104 Cic.
521 3051 559 3104 ad
571 3052 639 3117 sam.
655 3056 699 3115 10,
710 3055 761 3115 3,1
777 3051 826 3121 [ad
839 3052 966 3105 Tironem
980 3070 1006 3105 a.
1018 3050 1129 3122 704150]

114 3122 146 3173 tu
165 3121 190 3173 si
208 3137 257 3174 nos
277 3137 372 3174 omnes
392 3139 468 3174 amas
489 3123 517 3174 et
534 3121 685 3190 praecipue
704 3137 748 3174 me
767 3122 934 3191 magistrum
952 3122 1045 3188 tuum,
1065 3138 1130 3176 con-

114 3191 194 3244 firma
213 3196 249 3246 te.
288 3193 356 3246 Gell.
373 3198 415 3257 13,
430 3198 486 3257 9,1
510 3192 618 3246 Tullius
642 3193 707 3246 Tiro
731 3193 767 3245 M.
783 3192 923 3246 Ciceronis
941 3192 1077 3247 alumnus
1101 3196 1129 3246 et

114 3262 231 3318 libertus
258 3264 424 3332 adiutorque
450 3264 479 3315 in
504 3263 607 3317 litteris
634 3264 790 3317 studi0rum
815 3264 882 3316 eius.
922 3264 976 3318 Cic.
1001 3266 1038 3318 ad
1061 3268 1128 3330 tum.

114 3339 160 3400 16,
174 3340 199 3400 4,
215 3340 231 3390 3
250 3336 300 3405 [ad
321 3337 448 3390 Tironem
466 3354 491 3389 a.
508 3335 628 3406 704150]
647 3335 864 3388 innumerabilia
883 3339 933 3388 tua
952 3335 1067 3389 suntin
1085 3352 1129 3388 mc

113 3405 208 3459 officia
232 3407 386 3460 domestica
408 3406 543 3473 forensia,
569 3407 677 3459 urbana
699 3407 896 3474 provincialia,
922 3406 952 3458 in
971 3424 1000 3460 re
1019 3407 1129 3475 privata

97 3474 130 3528 in
149 3478 286 3547 publica,
314 3479 345 3534 in
371 3479 475 3537 studiis
497 3479 531 3534 in
550 3476 656 3534 litteris
680 3477 793 3531 nostris.
832 3480 869 3543 ci.
891 3479 928 3531 od
947 3480 1004 3532 An.
1021 3483 1047 3542 7,
1063 3483 1088 3543 5,
1102 3483 1128 3533 2.

83 3551 196 3619 11225,
212 3556 233 3606 3
252 3556 290 3609 al.
