2422 3840
480 187 509 241 L.
528 187 625 242 Aelius
645 187 716 242 Stilo
1063 187 1107 253 53

84 347 202 415 fecerat,
221 365 333 416 pugnae
352 346 446 416 effigie
460 348 519 401 eius
538 348 665 418 signasse
683 346 797 418 volgato
813 346 928 402 Stilonis
942 347 1108 402 Praeconini

84 419 159 484 sals,
186 419 322 486 quidnam
340 418 428 472 fuisse
446 418 599 486 facturum,
625 420 650 473 si
676 419 769 487 Scipio
795 438 812 472 a
834 421 915 487 patre
939 418 998 472 eius
1022 419 1108 473 inter-

86 489 331 630 ererlptgdfuziyssgt.
365 491 397 544 de
420 493 477 545 loco
498 490 552 545 Oic.
577 491 615 545 ad
632 491 699 557 fam.
716 494 833 558 9,15,2
852 492 886 558 cf.
902 491 1006 558 Mente,
1026 492 1058 545 dc
1072 491 1107 544 L.

159 656 202 705 10.
223 650 278 705 Cic.
292 666 342 719 pro
352 649 448 704 Socer.
458 654 496 704 23
510 650 603 718 pueris
618 650 699 704 nobis
715 650 827 704 audisse
840 650 938 704 videor
951 651 981 704 L.
996 651 1109 704 Aelium

86 720 252 776 libertinum
274 720 429 788 hominem,
453 720 611 776 litteratum
635 739 667 774 ac
690 721 821 775 facetum.
855 722 920 789 fait,
943 730 975 776 at
993 723 1109 788 videtin,

87 794 165 847 Aelii
182 792 298 847 &iterata
315 794 434 846 lateatne.

158 886 202 936 11.
222 882 294 950 qaod
310 881 395 937 Orelli
408 881 486 950 apud
501 881 555 936 Cic.
570 882 603 935 de
617 899 655 936 or.
671 887 696 948 1,
710 885 767 936 265
778 898 830 950 pro
845 881 943 936 Laelio
959 882 1005 935 ‘L
1016 882 1106 936 Aelic'

85 953 288 1008 casteniade
301 969 361 1007 eam
379 954 474 1007 cellam
493 955 524 1006 ia
541 953 698 1007 Tuccalaeo
717 954 844 1007 habuisse
861 954 954 1021 eflicit,
972 954 1051 1006 valde
1065 956 1108 1007 a·

85 1031 189 1079 certum
208 1031 247 1094 eet
264 1040 349 1092 neque
368 1031 461 1078 tamea
479 1025 510 1077 id
528 1025 687 1078 absurdam.

160 1116 204 1166 12.
234 1111 288 1166 otc.
312 1114 394 1167 Brut.
418 1116 474 1166 205
498 1112 527 1164 L.
552 1112 648 1166 Aelius
669 1145 701 1151 -
721 1113 776 1165 fuit
796 1145 829 1152 -
849 1113 1056 1166 cruditissimus
1081 1116 1109 1165 ct

85 1183 203 1237 Graecis
221 1183 325 1237 litteris
344 1185 372 1236 ct
386 1183 504 1247 Latinis,
523 1184 758 1251 antiquitatisque
773 1187 885 1238 nostrae
900 1185 972 1236 etin
987 1184 1109 1238 inventis

83 1254 171 1308 rebus
195 1256 224 1307 et
246 1255 276 1307 in
300 1254 370 1308 actis
394 1255 616 1322 scriptorumque
639 1257 764 1309 veterum
789 1255 915 1309 litterate
938 1256 1054 1322 peritus.
1075 1287 1108 1294 -

85 1325 138 1379 sed
157 1326 235 1379 idem
252 1326 349 1379 Aelius
369 1325 478 1380 Stoicus
497 1342 558 1379 esse
581 1326 678 1392 voluit,
702 1329 795 1381 orator
814 1328 908 1379 autem
928 1344 979 1380 nec
999 1326 1108 1379 studuit

83 1414 223 1464 nmquam
253 1413 305 1450 nec
336 1396 399 1450 fuit.
446 1398 484 1451 id.
513 1398 591 1453 acad.
617 1403 776 1466 poet.1,8
804 1398 937 1468 [loquitar
968 1399 1056 1452 Varro
1082 1415 1107 1451 a.
1138 1412 1149 1451 5

86 1468 203 1540 709s45]
227 1483 300 1535 quae
322 1470 417 1522 autem
440 1484 522 1522 nemo
544 1469 635 1522 adhuc
655 1469 788 1522 docuerat
807 1485 858 1522 nec
878 1472 938 1522 erat
956 1470 1031 1522 unde
1051 1470 1109 1522 stu-

85 1540 162 1593 diosi
182 1540 254 1594 scire
271 1541 394 1608 possent,
414 1555 447 1593 ea
461 1538 566 1593 —feci
584 1542 616 1592 ut
635 1542 729 1594 essent
743 1543 811 1594 nota
825 1541 943 1605 nostris3
964 1558 980 1593 a
995 1539 1109 1593 Graccis

84 1611 164 1665 enim
181 1611 242 1679 peti
260 1628 317 1665 non
334 1612 485 1680 potuerant
504 1629 537 1665 ac
555 1614 620 1679 post
639 1612 668 1664 L.
688 1611 763 1664 Aelii
781 1612 870 1665 nostri
890 1629 1019 1665 occasum
1038 1628 1074 1665 ne
1094 1629 1110 1664 a

83 1682 198 1737 Latinis
217 1682 338 1749 quidem.
372 1683 409 1736 id.
429 1683 514 1737 deor.
532 1686 625 1749 1,193
645 1683 702 1736 sive
722 1699 805 1750 quem
823 1683 893 1735 haec
912 1682 1033 1735 Aeliana
1051 1685 1111 1735 stu-

85 1754 136 1807 dia
160 1752 317 1816 delectant,
340 1753 463 1822 plurima
486 1756 529 1808 est
553 1755 629 1807 etin
649 1754 725 1808 omni
744 1755 803 1806 iure
823 1753 900 1807 civili
919 1757 947 1806 ct
966 1753 996 1806 in
1015 1754 1150 1821 ponti-1⁰

83 1825 172 1878 ficum
190 1823 271 1878 libris
290 1825 318 1877 et
329 1826 367 1892 jn
381 1824 432 1876 ΧΠ
451 1824 557 1878 tabulis
577 1825 756 1892 antiquitatis
776 1824 892 1893 effigies,
912 1825 988 1892 qnod
1007 1826 1035 1878 et
1049 1841 1110 1877 ver-

83 1896 188 1950 borum
206 1897 330 1949 vetustas
348 1896 442 1964 prisca
460 1897 638 1966 cognoscitur
653 1899 681 1949 et
696 1897 839 1949 actionum
852 1912 956 1964 genera
971 1897 1111 1963 quaedam

82 1967 227 2020 maiorum
250 1967 480 2021 consuetudinem
506 1968 648 2034 vitamque
677 1967 829 2021 declarant.
868 1969 901 2021 L.
928 1969 1039 2021 Aeliam
1067 1969 1111 2021 tic

83 2040 247 2093 denotatam
261 2055 315 2092 ease
327 2045 397 2106 puto
416 2040 461 2107 (cf.
478 2039 572 2094 Mente
587 2040 653 2093 ibid.
664 2056 695 2108 p.
711 2043 771 2106 58):
790 2041 871 2093 aliter
884 2057 972 2106 anper
986 2039 1109 2104 Norden,

83 2111 119 2164 de
140 2111 245 2164 Statum
265 2110 393 2164 Cosconio
418 2111 540 2165 Varrone
558 2127 671 2180 prooem.
692 2117 828 2165 comment.
845 2127 875 2178 p.
890 2111 943 2164 IV.

163 2213 180 2260 8
200 2206 290 2260 Laelii
357 2213 372 2260 9
393 2206 499 2261 aliena:
519 2225 566 2261 em.
588 2209 708 2278 Madvig

160 2317 204 2367 13.
239 2314 327 2368 Varro
346 2314 379 2368 de
396 2316 414 2368 l.
435 2313 468 2368 L.
486 2318 509 2380 7,
524 2318 543 2369 2
561 2313 637 2367 Aelii
655 2314 777 2366 hominis
797 2314 826 2366 in
845 2314 936 2382 primo
956 2314 985 2366 in
1005 2312 1110 2366 litteris

83 2385 199 2439 Latinis
222 2385 369 2438 exercitati
391 2386 430 2438 id.
450 2402 501 2440 rer.
521 2387 575 2439 dio.
592 2386 671 2439 XIV
682 2403 727 2454 ap.
745 2386 812 2440 Gell.
830 2390 949 2451 1,18‚2
967 2385 997 2438 L.
1013 2385 1110 2437 Aelius

83 2459 185 2511 noster
203 2455 307 2509 litteris
326 2457 520 2510 ornatissimus
539 2457 674 2510 memoria
692 2458 789 2510 nostra

160 2549 203 2600 14.
222 2545 296 2601 Suet.
311 2545 343 2599 dc
358 2549 507 2616 gramm.2
533 2546 576 2613 (ecc
595 2546 727 2614 Varrone)
747 2545 940 2597 instruxerunt
960 2547 1111 2598 auxerunt-

85 2633 142 2685 que
171 2615 208 2669 ab
238 2616 313 2670 omni
339 2618 420 2684 parte
448 2617 661 2686 grammaticam
688 2616 717 2669 L.
738 2616 834 2670 Aelius
860 2648 892 2655 —
918 2615 975 2670 Ser.
996 2614 1110 2669 Clodius

85 2720 120 2729 -
141 2687 227 2740 multi
245 2704 278 2741 ac
296 2687 367 2741 varii
386 2688 462 2741 etin
482 2688 610 2741 doctrina
629 2690 657 2740 et
676 2688 705 2740 in
724 2703 754 2740 re
772 2687 888 2755 publica
906 2705 980 2740 usus.

161 2789 204 2839 15.
235 2785 302 2840 Gen.
319 2788 436 2851 7,15,5
455 2785 502 2855 [de
526 2786 609 2839 verbo
635 2785 782 2852 ‘quiesco'‚
802 2803 839 2837 an
858 2802 872 2838 c
891 2784 989 2837 littera
1008 2785 1111 2851 corripi

85 2876 124 2910 an
152 2856 271 2924 produci
300 2856 414 2927 debeat]
442 2859 537 2910 noster
565 2859 660 2909 autem
688 2857 829 2927 [noricos]‚
864 2873 920 2923 qua
948 2858 991 2908 est
1018 2873 1111 2909 rerum

86 2928 216 2983 omnium
234 2927 393 2982 verecunda
415 2927 619 2993 mediocritate,
643 2944 678 2981 ne
698 2928 722 2980 si
740 2928 815 2981 Aelii
835 2927 950 2994 quidem
974 2925 1063 2979 Cincii
1082 2929 1111 2979 et

86 2999 208 3054 Santrae
232 2999 381 3051 dicendum
404 2998 447 3051 ita
470 3000 655 3063 censuissent,
683 2999 881 3052 obsecuturum
905 3015 934 3050 se
957 2996 1043 3050 fnisse
1070 2998 1111 3049 ait

86 3073 187 3125 contre
209 3071 375 3138 perpetuam
393 3068 511 3123 Latinae
529 3071 644 3140 linguae
668 3070 906 3123 consuetudinem.
940 3069 978 3122 td.
995 3073 1079 3136 1,18,
1095 3074 1110 3122 1

87 3141 284 3196 doctissimum
301 3142 369 3194 tnnc
388 3140 512 3194 civitatis
526 3142 668 3195 hominem
682 3143 712 3194 L.
727 3141 839 3193 Aelium
858 3143 895 3194 id.
912 3146 954 3205 10,
969 3144 1014 3204 21,
1028 3144 1047 3193 2
1062 3140 1112 3206 qui

87 3212 269 3268 doctissimus
288 3229 383 3266 eorum
401 3214 558 3280 temporum
572 3213 673 3278 fuerat,
695 3213 724 3264 L.
740 3211 837 3264 Aelius
853 3211 924 3264 Stilo
939 3212 976 3265 td.
993 3216 1019 3278 3,
1034 3215 1060 3277 3,
1077 3215 1112 3264 12

87 3285 173 3339 homo
194 3283 400 3337 eruditissimus
419 3285 457 3338 id.
478 3289 521 3349 16,
537 3288 597 3351 &2
617 3284 646 3336 L.
666 3283 740 3336 Aelii
760 3283 837 3336 docti
854 3283 976 3336 hominis

162 3377 204 3428 16.
230 3372 307 3443 Verp.
327 3375 408 3426 catal.
429 3376 487 3439 5,3
507 3374 534 3426 et
552 3389 601 3426 vos
621 3373 734 3439 Selique
754 3370 939 3439 Tarquitique
958 3371 1120 3437 Varioque,

88 3443 321 3499 scholasticorum
335 3444 414 3497 natio
428 3444 544 3498 madens
557 3445 667 3518 pingui.
688 3460 744 3517 pro
756 3443 887 3517 ‘Seliqce'
906 3446 1009 3516 Hepac
1018 3443 1137 3509 senipeta

90 3515 240 3582 ‘Stiloffw't
266 3516 318 3567 ced
336 3532 438 3569 eccene
464 3533 520 3572 eon
547 3526 593 3576 cst.
643 3522 680 3591 cf.
711 3522 881 3592 Buecheler,
913 3520 972 3576 Rlc.
1002 3518 1088 3571 Mas.
1111 3513 1153 3562 38

78 3587 176 3650 (18θῆ
183 3599 216 3648 p,
232 3585 290 3635 5111.
