2422 3840
440 152 583 207 Cornelius
601 153 697 222 Nepos
1012 152 1078 218 409

63 324 144 382 dere
169 321 354 398 Graeciae,
382 323 441 381 sed
466 324 607 381 omnino
629 321 716 380 rude
740 326 848 397 atque
870 323 1078 381 inchoatum

61 416 174 470 morte
208 412 392 471 Ciceronis
429 411 604 471 relictum.
650 410 714 469 ille
747 413 838 469 enim
870 411 943 470 fuit
974 430 1076 488 unus4

63 504 125 576 qui
156 503 319 576 potuerit
347 504 380 559 et
410 502 519 560 ctiam
549 499 715 559 debuerit
746 501 939 559 historiam
969 499 1078 577 digna
1106 517 1118 559 a

61 609 146 649 voce
170 591 423 666 pronuntiare,
447 591 578 665 quippe
603 591 664 664 qui
687 589 885 648 oratoriam
909 590 1078 665 eloquen-

61 680 150 738 tiam
181 680 302 737 rudem
331 698 348 737 a
377 678 576 737 maioribus
609 681 792 754 acceptam
824 678 1077 754 perpoliverit,

62 769 332 844 philosophiam
362 772 445 827 ante
473 787 549 826 eum
576 769 794 842 incomptam
821 765 988 826 Latinam
1016 787 1079 827 sua

64 859 301 937 conformarit
320 860 493 916 oratione.
528 876 566 914 er
583 876 651 931 quo
671 856 809 929 dubito,
827 856 983 915 interitu
1002 859 1078 916 eius

62 950 183 1004 utrum
212 966 267 1005 res
297 946 445 1022 publica
475 965 518 1004 an
549 946 706 1005 historia
736 948 849 1023 magis
880 946 1010 1005 doleat.
1036 965 1121 1006 -so

62 1035 223 1110 locuples
265 1055 304 1094 ac
343 1036 467 1094 divina
508 1037 654 1109 natura,
700 1054 766 1109 quo
808 1036 977 1093 maiorem
1023 1037 1079 1094 sui

62 1127 208 1199 pareret
226 1126 502 1183 admirationem
524 1124 855 1199 ponderatioraque
875 1142 939 1182 sua
958 1127 1078 1184 essent

61 1213 256 1287 beneficia,
285 1233 399 1289 neque
427 1217 489 1271 uni
518 1215 636 1272 omnia
660 1213 744 1271 dare
767 1231 830 1271 nec
852 1231 976 1272 rursus
1005 1214 1078 1271 cui·

63 1323 166 1378 quam
190 1303 308 1361 omnia
331 1304 449 1361 voluit
472 1321 610 1380 negare.

134 1402 225 1455 Auca.
247 1402 319 1455 Gad.
340 1402 396 1454 cod.
416 1404 473 1454 278
492 1399 636 1454 Cornelius
654 1399 749 1469 Nepos
768 1400 798 1454 in
816 1400 889 1454 libro
909 1401 943 1454 de
966 1400 1080 1455 histori-

63 1472 102 1524 cis
130 1472 238 1525 Latinis
267 1473 300 1525 de
328 1471 413 1525 laude
442 1470 594 1525 Ciceronis:
627 1497 674 1526 non
694 1485 799 1535 ignorare
821 1504 847 1511 -
866 1486 947 1526 doleat.
988 1471 1079 1527 idem:

61 1559 161 1604 locuples
174 1576 200 1581 —
214 1569 302 1606 negare.

135 1657 150 1701 9
170 1649 355 1704 conformavit
373 1651 499 1704 oratione
513 1651 584 1703 eod.-
602 1667 649 1703 em.
666 1651 821 1720 Heua'pper
900 1657 930 1702 11
952 1649 1081 1718 locuplex

418 1861 602 1916 INCERTAE
622 1861 722 1914 SEDIS

134 1988 166 2040 in
185 1985 263 2041 labris
280 1987 325 2041 De
344 1987 393 2041 iul.
412 1988 480 2042 aris
498 1989 557 2041 ctae
575 1988 658 2042 dabie
676 1987 790 2052 fueruat
807 1987 1030 2056 fr.10.11.13.,
1051 1990 1083 2043 ire
1147 1985 1150 1990 ’

64 2059 132 2113 libro
142 2059 187 2112 De
196 2060 254 2112 vita
265 2059 307 2111 M.
322 2059 398 2112 Tulli
408 2059 461 2113 Oia.
472 2061 508 2126 fr.
520 2061 555 2112 12
565 2059 740 2112 verisimilius
749 2065 787 2111 est
795 2060 895 2125 faisse·
903 2059 939 2125 fr.
952 2066 986 2114 14
995 2063 1081 2115 ambi·

63 2131 138 2200 pitter
161 2137 254 2183 atram
277 2147 310 2184 ea
333 2131 469 2198 peculiari
491 2130 560 2184 libro
579 2131 696 2198 petitam
714 2131 750 2182 sit
770 2128 845 2198 (Leo,
870 2132 966 2201 Bicpr.
981 2149 1012 2200 p.
1027 2135 1083 2187 193

62 2202 139 2270 ada.)
154 2218 192 2254 aa
207 2218 240 2255 ea
248 2203 388 2270 prooemio
407 2202 540 2256 librorum
557 2201 591 2255 de
607 2202 794 2271 prammate'ee‘s
812 2202 902 2268 (Peter
920 2203 937 2256 1.
953 2219 974 2257 c.
985 2220 1015 2271 p.
1031 2208 1082 2270 40;

62 2273 97 2339 cf.
117 2273 206 2340 praef.
226 2274 264 2327 ad
281 2273 326 2326 De
344 2273 393 2327 inl.
412 2274 490 2340 eir.);
518 2289 575 2326 meo
598 2274 701 2326 iudicio
720 2273 792 2326 illud
806 2280 938 2340 praestat.
975 2276 1083 2343 reliqua

62 2345 185 2411 frustula
203 2345 292 2412 operis
305 2345 350 2398 De
368 2345 417 2398 iat.
437 2345 487 2398 air.
508 2346 542 2398 ab
561 2345 716 2398 homiuibus
735 2345 862 2397 litteratis
880 2345 974 2399 aliena
993 2347 1079 2400 omisi.

394 2497 436 2553 10
460 2488 515 2573 [11
540 2495 587 2553 De
609 2494 660 2553 aaa
684 2488 752 2572 aa]

131 2618 267 2694 quamvis
283 2621 313 2677 et
326 2619 427 2694 Nepos
442 2619 581 2694 aequales
597 2636 698 2676 omnes
715 2615 904 2694 [Terentium
919 2619 1083 2693 puppem
1110 2696 1113 2700 Δ

63 2708 252 2781 Africanum,
279 2708 309 2767 0.
329 2702 482 2786 Laelium]
506 2709 598 2766 fuisse
620 2707 723 2765 tradat

136 2807 207 2861 Suet.
227 2809 273 2860 ca't.
296 2808 355 2860 Ter.
367 2824 396 2874 p.
411 2810 449 2860 27
463 2807 497 2860 R.
524 2805 572 2859 hic
595 2806 770 2930 [Terentiaep
790 2823 853 2859 eum
878 2806 976 2862 multis
1001 2807 1082 2863 nobi-

63 2877 138 2931 libus
157 2877 337 2932 familiariter
354 2878 433 2942 vixit
462 2877 512 2931 sed
528 2880 650 2930 maxime
670 2893 733 2930 cum

65 2947 92 3002 C.
108 2949 212 3013 Laelio,
232 2949 333 3017 quibus
353 2949 439 3002 etiam
458 2948 581 3017 corporis
599 2948 693 3018 gratie
712 2948 878 3018 conciliatus
897 2950 1081 3005 existimatur.

63 3021 140 3087 quod
160 3023 188 3073 et
206 3021 299 3088 ipsum
318 3019 476 3073 Fenestella
495 3020 589 3090 arguit
613 3019 784 3074 contendens
807 3022 926 3087 utroque
947 3021 1082 3075 maiorem

64 3094 135 3144 natu
154 3091 249 3156 fuisse,
269 3106 411 3154 quamvis-
424 3105 504 3144 tradat.

773 2877 883 2946 cipione
901 2878 1034 2932 Africano
1053 2883 1083 2932 et

502 3245 542 3298 11
568 3235 638 3320 [12]

131 3367 232 3443 Nepos
270 3370 389 3425 auctore
427 3368 506 3424 certo
544 3368 720 3442 comperisse
753 3383 783 3424 se
816 3367 860 3424 ait
891 3364 925 3423 G.
945 3365 1098 3422 Lashom

64 3456 215 3532 quondam
246 3456 278 3512 in
310 3455 475 3514 Puteolano
508 3455 647 3516 kalendis
675 3454 807 3515 Martiis
837 3453 1047 3513 admonitum
1074 3443 1121 3496 ‘ele

63 3563 163 3616 urere,
209 3546 369 3619 temParius
411 3549 447 3606 ut
489 3547 714 3624 discumberet,
757 3545 884 3625 petisse
926 3537 973 3595 ab
1017 3547 1063 3586 ἢῆ·
1100 3534 1152 3573 ¹³³⁵
