2422 3840
120 156 188 222 250
270 155 476 211 Grammaticos
496 156 598 211 aetatis
616 155 808 211 varronianae
826 158 987 227 t'ragmenta

117 309 271 402 susceptos
298 327 390 384 istum
418 327 564 400 accepisse
586 327 718 385 montem
742 319 957 405 [Auentinam],
981 345 1068 401 quem
1098 327 1136 386 ab

121 416 236 474 Auente
254 414 344 474 fluvio
363 415 535 490 provinciae
553 433 624 474 suae
642 415 824 473 Aventinum
844 415 1079 492 appellaverunt.

191 514 264 568 Sero.
284 516 353 567 Aea.
374 515 404 579 7,
419 517 473 568 657
491 513 647 567 Aventinus
665 530 744 567 mone
762 513 839 567 urbis
857 513 964 568 Romae
982 515 1035 580 est,
1052 528 1139 582 quern

120 587 233 639 constat
251 585 287 638 ab
307 584 405 638 avibus
425 600 485 638 esse
503 584 688 652 nominatum,
707 601 780 652 quae
795 585 829 638 de
844 583 939 638 Tiberi
954 584 1138 639 ascendentes

120 656 181 710 illic
204 655 340 710 sedebant
363 687 405 708 -.
443 655 560 722 quidam
583 656 669 709 etiam
692 672 741 709 rex
759 655 958 726 Aboriginum,
981 656 1139 710 Aventinus

121 726 242 794 nomine,
261 725 321 780 illic
340 727 369 780 et
387 726 495 780 occisus
514 728 542 780 et
561 726 687 795 sepultus
706 728 758 794 est,
776 726 850 781 sicut
864 727 949 780 ctiam
965 726 1140 782 Albanorum

121 816 170 852 rex
188 798 352 865 Aventinus,
372 797 418 851 cui
436 798 570 852 successit
589 796 698 852 Procas.
727 812 799 852 varro
817 800 913 851 tamen
932 812 987 852 men
1000 831 1027 838 -
1041 814 1141 862 appono

121 887 208 924 verunt.
226 869 261 936 cf.
280 871 367 924 Naro.
387 870 423 936 fr.
438 875 464 925 1.
488 871 576 925 Varro
592 870 625 924 de
639 871 655 925 1.
670 871 704 924 L.
720 873 746 936 5,
761 873 805 923 43.
825 871 906 924 Paul.
922 867 996 924 Fert.
1010 887 1038 938 p.
1053 874 1099 936 19,
1113 876 1141 926 4.

121 938 195 996 Fert.
205 958 236 1010 p.
252 945 335 1007 17401,
350 945 394 995 15.
413 941 475 995 Leo.
492 945 517 1007 1,
532 944 575 995 33.
595 943 712 1012 Aaquct.
727 941 777 995 cio.
793 942 819 995 d.
835 945 880 1008 18,
895 944 939 996 21.

195 1054 209 1101 1
225 1048 369 1117 ingentem
383 1047 467 1119 Scae.
479 1049 576 1119 Recta.
588 1050 666 1116 Lipe.
683 1050 762 1103 Moe.
800 1053 816 1100 3
832 1046 934 1116 appell.
950 1049 1041 1102 avent.
1059 1050 1139 1103 Mon.

553 1199 618 1257 ree
639 1192 709 1277 [23]

191 1316 333 1373 circenses
361 1313 447 1387 dicti,
477 1315 549 1389 quia
573 1313 786 1372 exhibebantur
812 1314 844 1371 in
868 1315 994 1373 circuitu
1020 1314 1140 1373 ensibus

121 1404 238 1479 positis.

196 1501 268 1556 Sero.
287 1519 313 1572 9.
332 1505 414 1567 3,1e
444 1501 568 1554 ‘centum
596 1501 779 1569 quadriiugos
808 1501 922 1570 agitabo
951 1502 987 1554 ed
1012 1501 1141 1556 flumina'

119 1573 142 1625 i.
163 1588 186 1626 c.
212 1573 295 1626 unius
322 1571 379 1625 dici
404 1571 542 1626 exhibebo
568 1572 718 1640 circenses,
743 1572 826 1640 quia,
850 1573 883 1625 ut
906 1573 995 1626 Varro
1019 1573 1089 1627 dicit
1112 1573 1142 1627 in

124 1643 204 1697 libris
224 1644 260 1697 de
278 1646 362 1714 gente
380 1643 480 1712 populi
498 1643 630 1711 Romani,
650 1643 718 1698 olim
736 1643 812 1697 XXV
830 1644 931 1697 missus
950 1643 1063 1698 fiebant.
1092 1646 1141 1699 sed

123 1715 272 1769 vicesimus
309 1715 424 1781 quintus
462 1714 609 1768 dicebatur
642 1715 779 1782 aerarius,
815 1731 848 1768 eo
882 1716 958 1783 quod
991 1716 1026 1768 de
1057 1715 1142 1770 colla·

124 1787 202 1840 tione
220 1785 319 1855 populi
338 1786 532 1840 exhibebatur.
557 1818 590 1825 -
617 1785 686 1840 olim
704 1786 779 1840 enim
798 1786 828 1839 in
847 1785 929 1839 litore
947 1785 1071 1840 fluminis
1090 1787 1143 1840 cir-

126 1874 222 1912 censes
242 1857 432 1928 agitabantur,
451 1858 481 1911 in
501 1856 589 1911 altero
609 1857 697 1910 latere
715 1857 816 1926 positis
835 1857 948 1927 gladiis,
966 1859 999 1911 ut
1014 1858 1050 1911 ab
1065 1860 1143 1911 utra·

124 1945 179 1996 que
197 1930 278 1997 parte
297 1931 371 1982 esset
388 1929 519 1999 ignaviae
538 1943 670 1997 praesens
693 1928 862 1996 periculum'3
885 1928 960 1982 unde
984 1930 1013 1982 et
1035 1944 1145 1984 circense·

124 2028 152 2040 -
169 2014 260 2066 posim,
285 1999 353 2054 licet
372 1999 423 2054 alii
442 2017 459 2053 a
477 2000 675 2054 circumeundo
695 2000 792 2053 dicant
811 1999 947 2053 circenses
966 2000 1069 2054 vocari.
1107 2002 1142 2067 cs.

131 2073 219 2126 Varro
234 2071 266 2125 de
280 2072 297 2125 l.
313 2071 346 2124 L.
363 2076 461 2138 5,153.
481 2076 542 2125 154.
562 2072 635 2127 Sero.
651 2072 720 2124 Aca.
735 2075 762 2137 8,
778 2075 840 2126 636.
860 2070 927 2125 leid.
944 2089 982 2125 or.
998 2076 1043 2138 18,
1057 2076 1103 2137 27,
1118 2076 1143 2126 3.

532 2221 551 2296 φι
577 2223 640 2280 rso
665 2215 737 2300 [17]

193 2358 247 2398 nec
274 2340 353 2399 idem
380 2341 503 2413 propter
531 2336 614 2395 aliud
640 2337 803 2394 arbitratur
826 2337 984 2395 historicus
1013 2330 1142 2417 [Varro]

126 2431 159 2488 in
191 2429 320 2487 Areaffia
354 2427 415 2486 tale
447 2445 554 2485 nomen
590 2425 730 2486 adfictum
761 2425 838 2483 Pani
868 2425 985 2501 Lycaeo
1018 2428 1048 2483 et
1079 2425 1147 2484 Iovi

126 2518 244 2594 Lycaeo
267 2519 326 2576 nisi
349 2519 472 2593 propter
492 2516 570 2573 hanc
592 2517 624 2573 in
647 2516 733 2590 lupos
763 2514 917 2573 hominum
940 2516 1147 2589 mutationem,

129 2607 209 2683 quod
232 2626 298 2665 eam
320 2606 379 2664 nisi
401 2607 434 2665 vi
456 2605 558 2663 divina
581 2603 646 2662 fieri
668 2623 733 2662 non
754 2606 903 2678 putarent.
949 2605 1039 2678 lupus
1067 2605 1147 2661 enim

102 2709 233 2773 agraeos
253 2694 342 2764 λύκος
361 2694 478 2769 dicitur,
501 2693 579 2751 unde
598 2692 709 2768 Lycaei
726 2711 833 2751 nomen
853 2694 979 2768 apparet
998 2692 1146 2751 inflexum.

128 2785 278 2844 Romanos
309 2787 400 2842 etiam
422 2782 572 2859 Lupercos
601 2801 635 2840 ex
662 2781 784 2839 illorum
813 2784 1024 2856 mysteriorum
1052 2783 1148 2841 veluti

128 2877 239 2933 semine
262 2874 336 2931 dicit
359 2876 483 2931 exortos.

200 2974 317 3043 dayam.
337 2973 386 3026 civ.
406 2971 435 3024 d,
452 2975 488 3024 18
493 3011 502 3035 ,
521 2974 557 3023 17
574 2995 615 3023 nec
633 2984 694 3022 idem
711 3001 739 3008 -
756 2986 852 3022 exortos.
902 2971 936 3036 cf.
963 2970 1046 3022 Paul.
1072 2967 1149 3023 Foet.

125 3062 155 3113 p.
175 3047 295 3109 119,16.
323 3045 372 3097 boc
389 3042 425 3108 fr.
445 3059 507 3096 cam
525 3045 579 3096 186
598 3048 623 3095 et
641 3045 696 3094 190
714 3057 747 3093 ea
765 3056 842 3108 opere
860 3041 904 3094 De
921 3057 947 3110 9.
962 3057 993 3108 p.
1013 3039 1048 3093 R.
1082 3040 1148 3094 dac·

129 3121 188 3170 taen
211 3131 264 3169 case
287 3131 319 3168 ea
338 3116 456 3184 Aaqact.
475 3113 542 3167 thid.
562 3116 608 3178 18,
621 3117 648 3166 8.
668 3116 703 3165 13
726 3112 771 3179 (cf.
787 3115 832 3177 18,
851 3115 876 3164 3.
896 3116 921 3164 5.
941 3116 966 3164 9.
987 3115 1028 3164 10.
1045 3114 1087 3165 16.
1103 3115 1148 3166 23.

95 3193 99 3200 '
129 3189 175 3256 40)
190 3193 280 3257 patet,
303 3202 337 3238 ae
355 3186 446 3239 dicam
463 3185 508 3239 bic
523 3183 671 3238 Varronem
692 3183 871 3237 ‘historicam'
887 3183 983 3236 diserte
1003 3183 1149 3251 appellari.

560 3336 623 3392 190
648 3327 719 3412 [re]

197 3453 325 3510 nominis
366 3451 454 3509 huius
498 3443 616 3529 [Apis]'‚
657 3467 709 3506 cur
746 3467 807 3506 non
845 3448 920 3524 Apis
957 3450 1050 3507 etiam
1080 3452 1150 3523 post

113 3544 259 3612 mortem,
291 3541 347 3599 sed
369 3538 504 3620 Serapis
523 3538 696 3618 appellatus
719 3537 775 3612 sit,
801 3537 981 3597 iaoiiiimam
1001 3538 1153 3599 rationem
