2422 3840
111 172 178 238 574
277 171 484 226 Grammatieue
502 173 605 227 aetatis
623 173 784 242 Augusteoe
802 172 962 242 fragments

112 332 281 402 Vergilium:
303 333 400 387 ‘ordeo
417 332 466 400 qui
485 333 566 398 dixit,
595 335 722 401 superest
749 334 781 385 ut
804 332 901 387 tritieu
924 332 1026 398 dieot’3
1055 334 1129 389 Sero.

112 405 188 458 Dori.
208 408 348 474 9.1,210
375 420 442 458 sone
464 405 648 473 reprehensus
667 403 807 473 Vergilius
832 404 936 456 dieitur
955 421 972 456 o
991 405 1077 459 stio
1101 408 1131 458 et

112 474 203 528 Mevio
221 474 275 529 hoo
293 491 386 528 versu:
412 474 528 529 ‘hordeo
547 475 596 543 qni
615 475 695 542 dixit,
719 477 846 544 superest
864 477 896 528 ut
914 475 1011 528 tritico
1029 476 1128 530 dieot'.

113 548 145 600 do
167 546 250 600 boios
272 563 364 601 versos
387 553 496 601 auctore
518 548 612 601 omorio
634 549 739 600 incerto
763 553 843 613 sumt;
868 564 953 614 oeque
978 549 1051 601 esim
1075 548 1130 614 side

113 617 229 688 diyoom
247 619 431 672 testimouium
449 618 538 671 Servii
551 625 589 672 ost
607 619 655 687 qui
673 635 733 671 eom
757 619 862 672 duobos
880 620 970 686 poetis
993 620 1130 672 communi

113 690 242 758 opinione
259 689 346 754 fretos
364 690 474 754 tribuit,
496 706 581 757 oeque
598 689 753 758 suspicione
773 689 918 743 Oledonios
935 696 1028 756 oooot,
1051 691 1130 745 bomo

113 761 145 813 iii
164 761 261 814 litteris
279 761 392 815 Latinis
406 777 496 828 posue
514 761 646 814 indoctos.

293 1076 367 1156 EX
400 1073 746 1158 INCERTORUM
776 1071 955 1158 LIBRIS

436 1275 485 1327 AD
506 1274 563 1328 IUS
587 1273 811 1329 PONTIFICUM

612 1430 629 1482 1

183 1533 215 1590 id
239 1534 383 1608 seriptum
406 1532 573 1589 invenimus
596 1533 628 1589 in
651 1534 870 1590 commentariis
895 1531 1074 1607 quibusdam
1095 1532 1133 1589 ad

117 1623 164 1680 ius
183 1621 357 1697 pontificum
375 1621 593 1695 pertinentibus
612 1620 752 1680 bidennes
771 1622 867 1697 primo
882 1620 976 1680 dietas
992 1620 1011 1677 d
1029 1621 1133 1679 littero

117 1712 241 1770 inmisso
260 1712 347 1785 quusi
369 1710 499 1783 biennes,
522 1712 587 1767 tum
605 1710 695 1787 longo
718 1729 774 1768 usu
796 1709 938 1784 loquendi
961 1712 1131 1784 corruptum

118 1818 222 1858 vocem
245 1818 307 1858 esse
330 1803 360 1857 et
383 1819 418 1856 ex
440 1798 616 1857 bidennibus
639 1798 773 1857 bidentes
791 1799 914 1873 foetum,
937 1800 1081 1874 quoniam
1102 1798 1134 1855 id

92 1889 277 1948 svidebatur
300 1906 361 1946 esse
386 1888 467 1946 dictu
490 1887 608 1947 lucilius
631 1888 793 1963 leniusque.

193 1987 259 2042 Geli.
280 1991 365 2052 16,6,
381 1990 415 2039 13
442 2001 466 2040 so
484 2001 590 2047 scripum
609 2018 635 2024 —
653 2001 775 2048 1en1usqu0.
811 1987 845 2052 of.
865 1987 932 2055 Nio.
952 1986 1016 2055 Fio.
1036 1986 1073 2051 fr.
1089 1990 1132 2039 39.

119 2058 226 2128 Hyoio.
241 2059 277 2124 fr.
294 2063 317 2112 3.
347 2059 373 2110 si
390 2059 462 2122 haee,
481 2065 513 2111 ut
530 2059 587 2112 oeri
605 2059 737 2111 dissimile
754 2074 811 2111 ooo
825 2064 863 2110 est
877 2059 920 2125 (cs.
937 2057 1133 2122 mitissimos,

120 2130 152 2183 de
172 2130 240 2185 Geli.
259 2129 328 2194 foot.
344 2146 374 2196 p.
395 2132 451 2195 68),
470 2146 521 2197 per
540 2130 686 2198 Hyyioom
704 2131 735 2182 io
756 2130 875 2183 Gellium
891 2129 1045 2195 fluxerunt,
1064 2145 1132 2182 eoro-

120 2203 249 2255 mootorii
272 2202 388 2267 scribtos
414 2205 463 2253 aot
485 2200 584 2253 Ateius
608 2201 705 2267 Capito
730 2207 780 2254 oot
801 2201 941 2253 Antistius
964 2200 1058 2253 Labeo
1082 2216 1134 2253 esso

117 2274 215 2339 potuit.

444 2411 493 2463 EX
511 2410 677 2465 INCERTIS
696 2411 811 2465 LIBRIS

189 2665 301 2730 ‘amici'
321 2671 420 2747 inquit
441 2665 636 2749 [Fooorioos]
658 2665 889 2743 ‘familiaresque
908 2669 940 2726 P.
955 2669 1086 2746 Vergilii
1103 2669 1135 2726 in

120 2761 176 2834 his,
196 2760 322 2835 quoodo
340 2762 460 2837 ingenio
479 2759 669 2834 moribusque
682 2760 745 2817 eius
759 2761 919 2816 memoriae
937 2757 1136 2832 tradiderim,

121 2849 217 2907 dioere
246 2868 313 2906 eum
340 2849 462 2908 solitum
490 2850 591 2906 ferunt
618 2866 723 2924 perere
750 2866 781 2906 se
804 2865 905 2906 versus
932 2864 1014 2904 more
1043 2850 1135 2923 utque

120 2939 181 2996 ritu
209 2937 318 2995 ursino.
371 2957 499 3013 nemque
526 2940 560 2995 ut
587 2937 641 2994 illo
668 2937 764 2995 bestie
790 2936 884 2994 fetum
912 2935 1012 2993 ederet
1038 2935 1135 2994 ineffi-

94 3027 236 3104 sgietum
255 3025 470 3102 informemque
489 3025 704 3100 lambendoque
722 3026 754 3082 id
774 3028 886 3099 posteo,
911 3023 989 3099 quod
1011 3023 1057 3082 ite
1077 3025 1136 3082 edi·

121 3116 221 3189 disset,
245 3116 443 3174 eonformoret
462 3118 492 3173 et
513 3115 646 3191 fingeret,
669 3114 793 3189 proinde
813 3113 926 3190 ingenii
949 3132 1070 3188 quoque
1089 3115 1136 3172 sui

119 3207 224 3280 portus
254 3209 386 3262 recentes
413 3204 481 3262 rudi
509 3222 572 3262 esse
601 3204 677 3261 fecie
706 3206 736 3261 et
762 3203 941 3278 inperfecte,
971 3202 1023 3259 sed
1054 3203 1136 3261 dein·

122 3312 190 3368 ceps
217 3293 373 3352 tractando
404 3292 585 3368 colendoque
615 3291 735 3350 reddere
763 3293 801 3349 iis
828 3309 859 3349 se
888 3293 947 3348 oris
976 3294 1005 3349 et
1032 3292 1136 3350 vultus

116 3383 304 3442 lmromenta.
351 3383 408 3442 hoe
430 3384 529 3440 virum
551 3380 654 3438 iudicii
677 3381 865 3439 subtilissimi
892 3381 1020 3456 ingenue
1044 3381 1136 3456 atque

58 3491 90 3530 ro
105 3491 176 3534 vere
203 3475 319 3538 dixisse
349 3469 410 3538 res’
439 3474 542 3554 inquit
569 3467 729 3532 ‘inditium
750 3470 835 3529 lusit.
873 3488 947 3525 nem
967 3486 1043 3541 quoe
1068 3471 1135 3528 reli·

88 3567 164 3639 iffl't
181 3572 336 3648 perfeeto
355 3573 565 3654 expolitaque
592 3564 767 3645 quibusque
784 3557 923 3633 'russeus
938 3571 1041 3610 sensus
1059 3559 1149 3626 utque
