2422 3840
315 155 343 209 C.
364 154 496 209 Octavius
508 153 676 237 lampadio.
714 154 743 208 L.
763 155 865 208 Accius
1056 154 1100 218 23

81 317 148 371 RE
159 321 270 385 1,142).
307 318 442 385 ceteroqui
468 316 500 370 dc
526 316 612 370 Accio
639 321 715 385 qcote
739 315 917 381 Pisaurensi,
949 317 1042 382 caiae,
1070 320 1102 368 at

79 388 199 454 uidetur,
223 389 257 441 L.
273 388 353 440 Accii
371 394 453 455 pater
472 388 583 441 libertas
605 388 706 452 facrot,
725 387 760 451 cf.
777 386 830 440 Cic.
852 387 932 440 Brut.
948 390 1012 440 271
1047 403 1101 455 pro

82 459 189 513 Olamt.
205 463 267 512 156.

155 534 179 583 3.
206 531 260 585 Oic.
289 532 371 585 Brut.
391 533 446 583 107
478 529 510 583 D
535 528 637 582 Brutus
670 528 706 582 M.
726 527 870 593 filius,u
871 530 945 582 tex
967 527 1101 581 familiari

81 617 143 655 e1us
157 601 188 656 L
200 601 286 655 Accio
301 603 386 669 poeta
401 619 463 653 sum
478 600 576 653 audire
591 599 690 653 solitus
709 600 773 653 hirec
787 601 902 654 Accium
916 617 1000 668 aeque
1019 600 1057 653 cd
1075 617 1101 653 o.

81 674 190 727 circiter
208 672 316 743 670s84
335 673 375 726 oct
398 672 505 727 diutins
522 673 623 726 amase
640 671 725 737 efficit
725 689 767 725 ar.
804 673 838 737 cf.
864 673 951 728 ctione.
971 673 1050 725 Vorr.
1070 672 1102 726 dc

81 745 169 813 antiq.
190 745 241 797 litt.
256 744 347 812 praefi

154 821 180 870 4.
201 816 255 870 ca.
275 816 307 868 dc
327 816 375 884 leq.
393 819 421 880 2,
436 818 470 868 54
497 813 611 868 doctum
634 813 777 868 hominem
800 830 868 868 sane
891 814 941 884 [D.
957 815 1101 885 Br·atam],

80 885 163 940 cuius
181 885 237 940 fuit
255 885 357 939 Accius
376 885 575 954 perfamiliaris
594 886 801 951 cfltcst.3.17.

155 970 181 1020 5.
200 984 226 1020 α.
242 966 359 1038 arsuro
377 967 504 1032 fabulam
525 967 625 1020 docuit.
640 968 675 1033 cf.
689 966 726 1031 fr.
744 971 789 1020 20.

155 1051 180 1100 6,
203 1047 256 1101 aa.
271 1047 344 1100 Phil.
356 1050 381 1111 1,
392 1049 427 1100 36
441 1045 496 1098 nisi
510 1044 582 1098 forte
597 1045 682 1098 Accio
696 1047 758 1098 tum
772 1044 871 1113 plaudi
886 1047 915 1099 et
929 1045 1102 1115 sexagesimo

80 1120 148 1186 post
173 1135 245 1171 anno
271 1116 396 1186 palmam
422 1117 496 1183 dari,
524 1134 580 1169 non
604 1117 691 1169 Bruto
717 1117 862 1185 putabatis
888 1134 949 1171 cam
974 1119 1040 1171 haec
1064 1118 1102 1170 cd

82 1186 207 1243 ‘Tereus’
223 1189 392 1258 trcqocdiam
402 1207 427 1242 a.
441 1189 539 1259 710s44
553 1191 651 1242 iterum
666 1195 755 1242 actam
766 1190 931 1257 pertincant,
946 1207 971 1242 a.
985 1189 1102 1259 650s104

80 1263 254 1328 caprimum
272 1260 340 1314 doto
359 1267 409 1325 cst,
428 1260 460 1311 ia
478 1261 537 1328 ipso
557 1260 637 1313 Accii
655 1260 776 1313 nominis
793 1261 864 1327 (lore.

156 1344 180 1393 7.
201 1340 260 1394 Vol.
277 1341 358 1393 Mac.
375 1344 400 1405 3,
411 1345 436 1404 7,
448 1345 481 1392 11
500 1340 524 1392 is
540 1340 664 1410 [Accius]
680 1371 714 1378 -
729 1339 800 1392 Iulio
816 1338 928 1393 Caesari
948 1340 1102 1409 [Straboni]

79 1408 257 1478 amplissimo
273 1426 306 1463 ac
320 1410 515 1464 florentissimo
530 1411 589 1463 viro
602 1410 632 1462 in
642 1409 802 1480 conlegium
815 1413 963 1478 poetarum
978 1410 1101 1464 venienti

79 1497 238 1550 numquam
262 1482 428 1548 adsurrexit,
452 1497 508 1534 non
527 1481 685 1535 maiestatis
705 1481 765 1535 eius
788 1482 933 1548 inmemor,
958 1481 1008 1534 sed
1027 1481 1102 1549 quod

80 1554 114 1606 in
124 1553 333 1622 comparatione
348 1553 540 1606 communium
555 1552 713 1606 studiorum
727 1552 873 1620 aliquanto
889 1569 918 1607 se
932 1552 1103 1621 superiorem

79 1641 145 1678 csse
166 1623 325 1678 confideret.

157 1699 184 1749 8.
205 1697 282 1750 Rhct.
303 1696 341 1750 cd
358 1695 426 1750 Her.
445 1700 475 1761 1,
489 1698 526 1748 24
544 1693 646 1748 mimus
666 1695 780 1762 quidam
799 1695 968 1748 nominatim
986 1695 1104 1748 Accium

79 1768 198 1836 poetam
230 1765 402 1835 conpellavit
433 1767 463 1820 in
496 1781 606 1819 scaena.
654 1783 717 1820 cum
745 1782 777 1819 eo
805 1766 907 1820 Accius
936 1765 1104 1819 iniuriarum

82 1838 154 1908 agit.
191 1836 239 1890 hic
256 1837 330 1891 nihil
349 1836 428 1892 aliud
448 1837 583 1896 defendit.
602 1836 658 1889 nisi
676 1837 761 1891 licere
777 1837 918 1890 nominari
932 1853 1004 1903 eum,
1025 1838 1104 1891 cuius

80 1909 198 1962 nomine
222 1909 329 1978 scripta
350 1909 452 1962 dentur
471 1908 588 1978 agenda.
626 1909 710 1974 ior,
726 1913 761 1962 19
777 1908 808 1961 P.
823 1908 933 1962 Mucius
952 1925 1029 1975 eum,
1056 1909 1104 1976 qui

81 1981 114 2034 L.
129 1980 247 2033 Accium
266 1982 380 2049 poetam
398 1981 600 2045 nominaverat,
620 1980 825 2033 condemnavit.

158 2051 390 2118 acaenaculum3
412 2067 444 2104 eo
465 2052 580 2120 Hcrbc'p.
601 2051 760 2106 caenaculo.
780 2051 853 2104 Eum
872 2049 950 2104 Leid.
971 2049 1103 2103 cenaculo

81 2123 277 2192 (caen-Ocri.)
300 2139 371 2176 meo.
395 2124 437 2177 ccl
459 2122 529 2187 eius,
554 2138 586 2176 eo
605 2124 647 2177 oct
670 2140 733 2176 eum
756 2125 828 2177 ccli:
853 2140 901 2175 cm.
922 2121 1105 2175 Misericors

159 2206 184 2255 9.
206 2202 299 2271 Quint.
316 2207 447 2268 5,13‚43
471 2203 552 2254 aiunt
570 2201 686 2256 Accium
705 2203 918 2272 interrogatum,
939 2219 988 2256 cur
1006 2218 1104 2255 causas

80 2290 141 2327 non
161 2275 264 2342 ageret,
285 2291 348 2327 cum
368 2274 444 2342 apud
463 2290 527 2327 eum
546 2273 575 2326 in
590 2273 744 2343 tragoediis
758 2276 840 2327 tanta
854 2274 895 2326 vir
910 2276 984 2328 esset
998 2274 1105 2341 optime

80 2344 280 2412 respondendi,
299 2345 374 2398 hanc
389 2344 546 2399 reddidisse
564 2346 712 2411 rationem,
732 2346 808 2412 quod
822 2344 881 2398 illie
898 2361 931 2398 ea
946 2345 1105 2398 dicerentur

75 2414 237 2539 'quffiipffl
255 2415 349 2484 vellet,
369 2416 398 2468 in
418 2416 477 2469 foro
498 2416 602 2469 dicturi
621 2415 773 2469 adversarii
795 2418 887 2470 essent
902 2431 974 2484 quae
988 2416 1104 2469 minime

83 2503 119 2541 ve
143 2503 180 2540 e.

158 2562 201 2611 10.
223 2558 289 2613 Geel.
305 2561 354 2626 13,
368 2561 387 2611 2
411 2557 552 2624 quibuso
554 2558 625 2610 tium
650 2560 678 2611 et
702 2557 827 2610 studium
850 2556 906 2611 fuit
929 2559 1000 2610 vitas
1020 2560 1105 2625 atque

81 2631 192 2684 aetates
217 2601 363 2683 doctorum
381 2629 528 2682 hominum
546 2645 680 2697 quaerere
699 2646 732 2682 ac
750 2630 902 2682 memoriae
920 2629 1045 2694 tradere
1071 2629 1106 2681 de

82 2701 121 2754 M
141 2699 263 2753 Pacuvio
292 2702 321 2754 et
348 2700 377 2752 L.
398 2699 483 2754 Accio
506 2700 622 2770 tragicis
646 2703 717 2823 poet
714 2700 739 2754 is
702 2700 909 2753 thistoriam
933 2701 1106 2768 scripserunt

81 2771 291 2826 huiuscemodi:
321 2788 386 2824 cum
408 2772 560 2837 Pacuvius,
584 2771 730 2839 inquiunt,
753 2771 935 2841 grandiiam
960 2774 1053 2825 aetate
1077 2772 1106 2824 et

82 2842 182 2896 morbo
216 2843 339 2911 corporis
373 2841 444 2895 diut
437 2859 483 2895 ιιιο
517 2815 644 2896 adlectus
673 2842 824 2925 Tarentum
858 2857 891 2895 ex
920 2843 989 2896 urbe
1017 2843 1106 2895 Roma
1133 2861 1146 2901 5

83 2912 282 2979 concessisset,
314 2914 416 2967 Accius
443 2915 511 2967 tunc
538 2915 609 2966 haut
637 2931 721 2981 parvo
750 2913 843 2966 iunior
869 2913 1084 2982 proficiscens'
1076 2931 1106 2965 ιιι

83 2985 196 3050 Asiam,
230 3001 292 3038 cum
329 2985 359 3036 in
394 2985 530 3053 oppidum
564 2985 698 3050 venisset,
732 2985 851 3038 devertit
884 2985 921 3037 ad
953 2985 1107 3038 Pacuvium

83 3056 258 3124 comiterque
285 3056 421 3108 invitatus
444 3055 637 3125 plusculisque
661 3055 696 3109 ab
721 3073 754 3110 eo
779 3056 877 3108 diebus
899 3058 1025 3110 retentus
1049 3058 1106 3108 tra-

82 3127 219 3195 goediam
243 3142 336 3192 suam,
361 3127 406 3180 cui
425 3127 527 3180 Atreus
546 3143 647 3180 nomen
667 3130 717 3192 est,
737 3127 909 3180 desideranti
928 3126 1006 3196 legit.
1044 3129 1106 3179 tum

83 3197 239 3251 Pacuvium
263 3198 367 3251 dixisse
392 3198 472 3250 aiunt
491 3215 592 3251 sonora
616 3199 730 3266 quidem
750 3215 822 3262 esse,
847 3215 919 3265 quae
938 3198 1105 3266 scripsisset,
1121 3210 1147 3248 10

84 3272 114 3323 et
138 3269 271 3337 grandia,
295 3269 345 3324 sed
367 3269 457 3322 videri
475 3272 570 3323 tamen
590 3286 623 3323 ea
642 3270 695 3322 sibi
715 3270 828 3322 duriora
847 3269 964 3338 paulum
983 3271 1011 3322 et
1030 3286 1106 3322 acer-

84 3340 173 3394 biera.
216 3340 257 3393 ita
285 3342 341 3408 est,
369 3340 463 3408 inquit
486 3340 647 3405 Accius,u
649 3341 775 3407 tidicis,
804 3357 895 3406 neque
918 3341 948 3393 id
971 3356 1016 3393 me
1040 3357 1106 3394 sane

83 3412 223 3480 paenitea
257 3412 375 3465 meliora
403 3412 478 3464 enim
506 3411 564 3465 fore
593 3428 687 3480 spero,
716 3428 788 3479 quae
817 3412 948 3493 deinceps
977 3411 1104 3465 scribam.

85 3499 152 3537 nam
175 3483 281 3551 quod'
274 3500 304 3536 ιιι
327 3483 431 3551 pomis,
459 3482 571 3546 itidem,
600 3484 706 3550 inquit,
730 3499 789 3536 esse
814 3484 925 3536 aiunt
917 3501 946 3535 ιιι
970 3483 1106 3552 ingeniis,

84 3570 159 3621 quae
184 3555 254 3607 dura
278 3555 306 3608 et
330 3555 432 3607 acerba
455 3556 620 3620 nascuntur,
644 3556 709 3622 post
732 3554 804 3608 fiunt
821 3554 907 3607 mitia
923 3556 957 3607 et
974 3552 1166 3612 ineunda&
