2422 3840
416 109 445 162 L.
466 108 589 164 Orbilius
610 107 738 178 Pupillus
1023 111 1086 176 135

137 273 164 353 β.
193 269 266 325 Suet.
285 270 352 324 ibid.
373 271 417 339 (=
433 271 542 352 Petrcrr.
556 275 608 324 cot.
619 288 649 353 p.
665 275 723 324 246
739 270 799 339 B.⁴)
817 270 922 324 librum
940 270 1027 325 etiam
1042 273 1088 325 cui

68 342 110 395 cst
123 339 226 394 titulus
244 340 431 412 περιαλγής
449 340 540 395 edidit
555 343 745 396 contmentem
764 341 902 409 querellas
918 343 951 396 de
967 343 1086 410 iniuriis,

66 429 136 481 quas
151 411 322 482 professores
337 411 512 482 negligentia
527 414 576 465 aut
591 412 745 467 ambitione
759 416 907 481 parentum
918 415 1085 484 acciperent.

63 501 98 538 c.
132 502 156 538 r.
173 487 198 538 3.

77 485 96 551 f
118 484 154 625 f2
173 571 326 642 περιαλγής
348 574 425 643 Toup
448 572 608 643 perialogcs
627 574 703 628 codd.
728 574 790 642 peri
809 573 912 642 alogon
931 576 1087 630 Beroaldus

136 685 163 735 9.
195 679 351 734 Orbilium
369 681 511 735 Dilectione
529 680 701 735 mendacii?
728 681 763 746 cf.
784 681 843 734 Vol.
861 682 927 736 Ooto
942 689 997 736 test.
1013 687 1038 736 8.

216 1019 253 1084 Β.
276 1015 499 1085 mensuris
523 1018 647 1085 sums
670 1019 944 1086 FRAGMENTA

567 1208 584 1261 1

130 1330 216 1387 inter
235 1327 457 1386 criminatorem
476 1331 506 1386 et
524 1329 731 1387 criminantem
749 1329 805 1387 hoc
822 1329 963 1389 interesse
983 1333 1086 1390 auctor

58 1415 204 1477 Orbilius
222 1419 319 1494 putat,
338 1417 418 1492 quod
432 1416 606 1477 criminator
620 1419 660 1476 sit
675 1419 726 1493 qui
741 1418 829 1477 alteri
847 1420 958 1477 crimen
976 1421 1086 1479 inferat

60 1510 94 1565 et
116 1506 152 1564 id
176 1507 296 1581 saepius
319 1506 422 1580 faciat,
450 1506 609 1565 criminans
637 1510 738 1565 autem
762 1508 815 1582 qui
839 1509 949 1567 crimen
976 1509 1086 1568 inferat

59 1600 190 1654 etcum
218 1597 384 1670 suspicione
413 1614 530 1670 quoque
557 1595 589 1653 id
617 1595 717 1670 faciat,
749 1615 809 1671 qua
835 1617 867 1655 re
895 1599 961 1672 quis
989 1600 1085 1676 magis

58 1687 175 1744 noxius
198 1684 345 1743 videatur.
1114 1701 1127 1741 5

138 1781 211 1837 Isse.
225 1782 285 1849 diff.
304 1784 373 1837 verb.
389 1785 427 1837 86
444 1797 538 1836 incer-
548 1797 656 1848 nuestus,
670 1784 703 1836 ut
721 1783 854 1837 Afranius
869 1785 971 1855 [Proca
989 1803 1013 1839 o.
1028 1789 1086 1839 282

59 1853 193 1925 Reum:
222 1854 290 1907 ‘non
313 1854 385 1906 sum'
411 1852 506 1920 inquit
532 1853 602 1907 ‘tam
625 1854 787 1922 criminosa,
815 1870 900 1921 quam
922 1858 956 1909 tu
977 1856 1085 1925 vipera:

56 1925 196 2068 garbnxir}
202 1922 249 2052 Ias}
262 1941 357 1978 aurem
374 1941 527 1992 numquam
546 1924 634 1978 didici
652 1925 843 1981 dominicam'.
877 1928 912 1994 ef.
928 1929 1031 1982 Accessi.
1047 1929 1085 1982 H.

564 2149 586 2206 2

135 2265 208 2322 sunt
226 2264 279 2338 qui
296 2263 465 2321 litteratum
484 2281 502 2320 a
520 2263 687 2322 litteratore
707 2262 904 2340 distinguant,
928 2267 962 2322 ut
981 2263 1086 2322 Graeci

58 2353 299 2432 grammaticum
326 2371 344 2410 a
371 2352 588 2429 grammatus,
619 2354 648 2410 et
675 2352 762 2410 illum
792 2352 913 2427 quidem
944 2353 1087 2428 absolute,

59 2443 148 2500 hunc
170 2440 359 2500 mediocriter
387 2439 508 2500 doctum
536 2441 712 2499 existiment.
759 2460 886 2516 quorum
916 2442 1086 2517 opinionem

62 2529 203 2590 Orbilius
226 2531 317 2588 etiam
340 2530 482 2604 exemplis
505 2529 673 2604 confirmat3
705 2549 833 2605 namque
857 2531 936 2605 apud
959 2533 1086 2590 maiores

62 2621 120 2694 ait,
145 2637 213 2676 cum
233 2618 350 2677 familia
373 2618 499 2677 alicuius
517 2620 632 2678 venalis
655 2618 875 2694 produceretur,
898 2638 957 2678 non
976 2623 1086 2678 temere
1114 2635 1126 2674 s

62 2727 158 2784 quem
175 2708 343 2766 litteratum
361 2706 393 2764 in
410 2707 511 2782 titulo,
534 2707 586 2764 sed
606 2707 804 2766 litteratorem
821 2707 944 2765 inscribi
963 2710 1085 2770 solitum

62 2815 140 2871 esse,
164 2798 252 2872 quasi
274 2816 334 2855 non
357 2797 522 2871 perfeetum
543 2795 576 2854 in
598 2797 709 2854 litteris
733 2796 785 2854 sed
808 2796 963 2855 imbutum.

139 2895 212 2950 Suet.
227 2895 260 2949 de
276 2911 391 2965 yramm.
406 2899 424 2947 4
442 2912 494 2948 sunt
507 2908 547 2957 qur
561 2926 594 2934 -
609 2909 725 2949 imbutum.
759 2895 793 2960 cf.
811 2894 890 2948 Coro.
911 2897 980 2966 Nep.
996 2898 1031 2962 fr.
1044 2901 1086 2950 14.

64 2969 151 3021 Mers.
173 2965 250 3020 Coro.
269 2967 305 3032 fr.
321 2971 346 3020 5.

139 3079 154 3126 6
173 3071 274 3126 titulos
288 3073 413 3141 plerique
431 3073 506 3127 codd.

564 3226 584 3280 3

133 3340 306 3415 quaevis
330 3338 372 3397 ab
395 3338 600 3397 hominibus
624 3341 796 3413 consequi
818 3341 971 3413 possunt

137 3439 226 3492 Probo.
237 3455 267 3506 p.
283 3440 346 3503 381,
362 3443 377 3491 1
392 3435 528 3492 Orbilius:
548 3463 605 3502 quae
622 3471 656 3479 -
671 3456 773 3508 possunt,
793 3437 949 3496 &sisebuti
976 3440 1049 3493 boec
1064 3437 1105 3489 sb

59 3511 161 3563 libam
180 3510 210 3559 z'n
227 3513 282 3560 rest,
296 3512 319 3560 8
334 3517 513 3567 memoratum
525 3515 673 3583 perticere
692 3516 838 3574 videntur.
