2422 3840
112 173 179 238 224
261 172 466 228 Grammaticae
486 173 588 228 aetatis
607 173 800 254 varronianae
818 174 977 244 fragmenta

541 343 584 402 95
608 336 701 422 [991]

112 459 114 464 ’
156 468 381 525 nasturcium
403 485 471 525 non
490 467 590 526 vides
610 465 691 527 ideo
711 467 784 526 dici
803 466 893 543 quod
912 485 1037 526 nasum
1055 470 1130 526 tor·

112 558 235 630 queat,
258 558 297 614 ut
319 557 553 632 vestispicam
577 556 671 632 quod
693 559 828 615 vestem
852 553 1007 633 spiciet?

184 655 421 722 Nou.p.12,12
444 654 589 722 vestispici
612 654 832 725 appellabantur
856 654 976 713 vestium
1000 655 1128 709 custodes

111 725 198 792 servi,
220 726 295 794 quod
319 724 460 793 frequenti
484 725 634 795 diligentia
658 726 742 780 vestis
760 726 920 796 inspiciant.
957 725 1075 780 Plautus
1095 758 1128 767 -

111 795 200 850 Varro
218 796 315 865 Pappo
336 798 386 850 aut
404 796 500 866 indige
525 797 672 879 [indigena
692 798 810 869 0919199]Ι
835 811 973 852 marorum
991 829 1018 837 —
1036 811 1129 860 epicteti

118 868 206 922 Varro
225 868 251 921 d.
272 869 289 922 l.
305 869 339 922 L.
356 873 432 935 7,12
449 869 491 922 sic
510 868 587 922 dicta
605 868 765 938 vestiepica,
784 886 856 936 quae
874 869 980 922 vestem
999 868 1128 938 epiceret,

111 937 141 990 id
160 941 203 992 est
221 938 328 992 videret
345 941 455 994 vestam
474 956 507 993 ac
525 942 659 994 tueretur.

184 1051 197 1098 1
230 1045 406 1099 nasturcium
441 1044 540 1114 indige
571 1062 628 1099 non
660 1044 769 1098 invides
800 1044 829 1099 in
864 1062 909 1100 cos
955 1062 1003 1100 ern.
1035 1046 1129 1100 Oehlcr

111 1121 127 1168 2
145 1116 179 1168 ut
197 1116 269 1171 decet
285 1118 318 1170 ia
330 1118 469 1185 pleresque
488 1117 567 1170 libris

538 1305 582 1360 ec
606 1295 699 1381 [ees]

177 1445 300 1504 poema
319 1429 373 1486 esi
395 1427 486 1486 lexis
511 1427 732 1501 eurythmoS,
755 1426 790 1485 id
814 1430 869 1486 esi
890 1426 1000 1486 verba
1022 1427 1128 1505 plura

109 1516 246 1575 modice
264 1517 301 1573 in
315 1515 493 1591 quandam
512 1517 676 1574 coniecta
690 1517 853 1591 formam,
873 1518 998 1592 itaque
1018 1520 1127 1576 etiam

110 1603 293 1664 distichon
326 1607 628 1682 epigrammation
659 1607 789 1664 vocant
821 1623 952 1681 poema.
1007 1606 1127 1682 poesis

109 1696 165 1752 esi
195 1696 410 1770 perpetuum
442 1697 691 1771 argumentum
721 1714 736 1752 e
765 1695 934 1769 rythmis,
966 1698 1006 1753 ut
1034 1695 1128 1754 Ilias

82 1782 255 1842 cHomeri
283 1785 316 1842 et
344 1783 487 1841 annalis
516 1783 616 1841 Enni.
669 1782 810 1857 poetice
839 1787 892 1842 est
920 1802 977 1842 ars
1006 1801 1127 1842 earum

108 1889 232 1930 rerum.

180 1971 254 2025 Nou.
271 1989 300 2039 p.
320 1974 389 2038 428,
409 1975 426 2024 5
448 1971 541 2040 poesis
565 1972 593 2023 et
611 1986 712 2039 poema
730 1968 803 2023 hanc
821 1969 929 2023 habent
947 1969 1126 2026 distantiam:

107 2041 200 2109 poesis
211 2043 253 2095 est
266 2043 361 2095 textus
371 2042 538 2111 scriptorum
549 2041 761 2112 [scripturorum
774 2042 905 2096 mccclii
912 2041 1011 2112 codd.],
1025 2058 1127 2110 poema

107 2111 232 2166 inventio
246 2129 341 2182 parva,
361 2130 433 2181 quac
447 2114 544 2182 paucis
558 2113 648 2167 verbis
663 2112 818 2182 expeditur.
833 2111 957 2165 Lucilius
972 2113 1043 2182 [fud
1052 2118 1077 2167 et
1087 2115 1125 2194 5].

108 2180 196 2237 Varro
214 2184 400 2238 Parmenone:
421 2209 501 2247 poema
514 2217 541 2224 -
554 2210 634 2239 rerum.
671 2185 705 2250 cs.
725 2184 793 2238 Ieid.
813 2199 851 2236 or.
872 2189 897 2251 1,
912 2187 958 2249 38,
971 2188 1007 2239 21
1031 2201 1126 2254 poesie

108 2252 212 2307 dieitur
231 2253 336 2308 Graeco
354 2256 469 2309 nomine
487 2272 556 2324 opus
575 2255 729 2309 multorum
747 2254 895 2320 librorum,
914 2271 1015 2324 poema
1032 2256 1124 2309 unius.

179 2366 196 2411 4
216 2363 245 2414 et
262 2361 395 2429 rythmis,
415 2363 512 2416 deiude
530 2363 699 2431 interpositis
717 2363 817 2415 alicnis
834 2360 894 2414 min
913 2362 945 2413 ut
963 2360 1028 2414 ilias
1047 2362 1126 2418 codd.

536 2551 577 2607 97
602 2536 705 2626 [179]

175 2671 281 2746 quid?
327 2674 365 2728 tu
387 2692 456 2731 non
479 2674 580 2732 vides
608 2675 643 2730 in
667 2672 797 2746 vineiS,
828 2673 920 2747 quod
943 2674 1017 2731 tria
1040 2674 1126 2749 pala

106 2759 275 2834 habeant,
298 2761 452 2836 tripales
477 2760 571 2821 dici?

177 2859 370 2926 Nou.p.219,
385 2864 421 2914 19
439 2859 499 2928 pali
517 2876 619 2929 genere
637 2859 800 2913 masculino.
819 2861 918 2914 neutro
935 2859 1023 2914 Varro
1042 2860 1125 2915 Flex-

52 2958 54 2964 ·
105 2928 211 2983 tabulis
229 2930 294 2996 περὶ
314 2930 467 2999 ἐπαρχιῶνε
487 2946 596 2994 (19199-
610 2946 668 2985 dici?

544 3120 586 3176 99
610 3111 680 3195 [61]

172 3239 252 3298 idco
270 3241 358 3317 fuga
380 3241 536 3301 hostium
561 3260 686 3319 graece
710 3244 861 3300 vocatur
883 3240 1003 3319 τροπή.
1041 3242 1123 3301 hinc

105 3329 225 3404 spolia
240 3333 346 3407 capta
360 3331 435 3388 fixa
449 3333 485 3389 in
500 3331 693 3408 stipitibus
714 3330 950 3406 appellantur
961 3333 1122 3407 tropaea.

176 3428 251 3481 Noa.
266 3446 297 3496 p.
312 3433 390 3494 55,8
413 3430 522 3497 tropaei
547 3429 765 3498 significantiam
790 3428 934 3497 propriam
960 3428 1048 3483 Varro
1076 3429 1122 3482 Bi-

83 3499 354 3630 sgaffiomndst:
373 3514 425 3554 roeo
439 3532 465 3541 —
479 3517 571 3563 tropaea
609 3501 644 3566 cs.
664 3501 736 3555 Sero.
756 3501 825 3554 Aen.
845 3504 889 3566 10,
905 3504 965 3554 775.
993 3501 1063 3555 Ieid.
1083 3518 1122 3556 or.
