2422 3840
131 191 195 253 316
265 189 488 270 θηωηιαὺίοαο
507 189 609 243 aetatis
630 188 818 260 varronianae
837 188 997 258 fragmenta

132 352 252 405 Mitazer
277 350 439 422 (quatientur.
459 352 484 405 d.
508 351 560 420 Np.
581 349 606 402 d.
630 350 704 404 Plia.
719 367 749 418 p.
765 352 829 415 147;
852 349 886 415 cf.
910 351 946 416 fr.
962 352 1016 419 61),
1043 351 1150 418 pariter

131 430 211 492 atquc
229 440 262 477 ea
280 440 350 492 quoe
371 429 471 477 narrat
489 422 602 476 Plinius
621 439 648 475 a.
667 422 692 474 h.
713 425 806 487 7,114
833 421 866 474 de
888 428 982 475 actae
1000 422 1095 476 Ennii
1117 423 1150 475 in

130 493 457 619 {ppul⁰l3r⁰1f⁰lpi⁰}mm
485 494 639 547 constituto.
677 493 712 560 cf.
742 492 797 548 θέο,
821 509 876 561 pro
901 494 983 547 Arch.
1002 498 1048 547 22.
1088 493 1148 548 Vol.

168 582 214 620 aa.
252 607 261 632 ,
310 607 319 632 ,
352 596 412 619 —.

204 654 270 720 rQ.
290 655 365 709 Ricc.
394 669 450 721 qua
469 654 548 708 nac.
577 669 662 720 quam
681 652 773 707 Paris.
794 653 858 707 Lat.
879 656 952 707 6797

607 789 671 846 301

198 895 321 954 Publius
333 893 490 954 Terentius
504 892 578 952 Afer
593 890 773 971 Carthagine
788 894 876 951 natus
896 895 1021 952 servivit
1035 893 1149 952 Romae

132 984 271 1044 Terentio
294 982 414 1042 Lucano
439 984 579 1057 senatori,
608 1001 707 1058 aquo
731 982 768 1040 ob
792 982 945 1060 ingenium
969 985 999 1040 et
1020 983 1150 1041 formam

131 1092 191 1133 non
213 1075 370 1132 institutus
394 1071 481 1131 modo
504 1071 677 1145 liberaliter,
701 1071 752 1129 sed
772 1075 802 1130 et
824 1073 941 1130 mature
964 1090 1055 1130 manu
1078 1071 1149 1130 mis-

131 1180 180 1222 sus
213 1166 265 1221 est.
313 1162 435 1239 quidam
467 1164 588 1237 captum
621 1178 683 1220 esse
715 1161 895 1220 existimant.
925 1193 967 1200 -
999 1160 1048 1219 hic
1081 1179 1149 1220 cum

106 1271 117 1311 5
131 1251 235 1311 multis
249 1251 398 1311 nobilibus
412 1249 603 1308 familiariter
617 1248 700 1322 vixit,
719 1249 772 1308 sed
785 1249 913 1308 maxime
927 1269 995 1308 cum
1009 1247 1149 1327 Scipione

131 1339 273 1400 Africano
298 1343 329 1400 et
352 1338 382 1399 G.
407 1339 518 1413 Laelio,
546 1338 654 1414 quibus
678 1338 768 1397 etiam
797 1338 928 1415 corporis
956 1338 1056 1416 gratia
1079 1359 1149 1398 con-

131 1430 249 1489 ciliatus
278 1431 466 1489 existimetur
495 1460 549 1501 ——,
574 1429 710 1503 quamvis
735 1461 775 1468 —
800 1428 921 1487 Porcius
949 1429 1148 1503 suspicionem

132 1519 167 1578 de
190 1518 403 1578 consuetudine
430 1537 484 1595 per
510 1517 583 1575 haec
610 1517 703 1575 faciat
732 1511 782 1596 [fr.
805 1511 852 1597 4]:
883 1511 966 1574 ‘dum
992 1517 1148 1576 lasciviam

131 1608 277 1667 nobilium
300 1611 330 1667 et
356 1607 459 1666 laudes
487 1607 604 1665 fucosas
632 1605 722 1682 petit,
747 1598 761 1686 l
786 1606 856 1664 dum
879 1605 1015 1665 Afu'cani
1045 1625 1149 1666 vocem

92 1718 117 1758 rc
132 1696 264 1757 divinam
287 1697 385 1756 inhiat
408 1697 504 1756 avidis
527 1695 662 1767 auribus,
682 1688 697 1773 f
717 1694 787 1753 dum
811 1696 848 1754 ad
871 1695 992 1754 Philum
1015 1713 1046 1754 se
1071 1697 1147 1755 ceni·

131 1789 196 1846 tare
220 1790 250 1845 et
272 1785 409 1845 Laelium
431 1785 589 1861 pulchrum
611 1787 709 1861 putat,
733 1776 748 1863 s
773 1784 844 1843 dnm
867 1803 898 1843 se
922 1784 1028 1844 abhis
1053 1787 1149 1844 amari

132 1874 235 1950 credit,
259 1876 360 1935 crebro
383 1875 416 1933 in
434 1873 584 1933 Albanum
607 1873 673 1950 rapi
692 1866 707 1952 s
727 1924 743 1932 -
758 1905 776 1933 υ
790 1924 806 1934 .
820 1905 839 1933 o
853 1925 869 1934 .
883 1905 902 1932 υ
915 1924 932 1933 -
945 1906 964 1933 υ
987 1873 1149 1934 obderem

132 1965 240 2023 aetatis
264 1983 349 2039 suae,
378 1956 393 2042 l
421 1966 491 2040 post
513 1963 638 2022 sublatis
665 1962 753 2022 rebus
778 1963 814 2021 ad
838 1979 984 2021 summam
1013 1964 1148 2039 inopiam

132 2054 269 2113 redactus
292 2057 345 2113 est.
365 2047 382 2132 s
399 2053 502 2128 itaque
521 2072 557 2111 ex
575 2055 735 2128 conspectu
759 2053 891 2110 omnium
912 2052 987 2111 abiit
1006 2051 1148 2112 Graeciae

93 2165 118 2204 rs
132 2145 164 2202 in
186 2146 297 2201 terram
320 2144 466 2202 ultimam.
493 2135 507 2221 s
530 2144 679 2200 mortuust
702 2139 881 2218 Stymphali,
904 2141 1051 2200 Arcadiae
1074 2137 1149 2221 <in>

133 2232 251 2309 oppido.
294 2233 338 2291 nil
361 2227 510 2309 P<ublio>
530 2223 545 2310 s
566 2231 665 2305 Scipio
688 2230 814 2307 profuit,
844 2231 921 2289 nihil
947 2231 994 2289 illi
1017 2231 1148 2305 Laelius,

132 2323 176 2380 nil
199 2321 320 2396 Furius,
339 2314 354 2400 s
374 2324 435 2378 tres
458 2339 511 2397 per
533 2320 613 2379 idem
635 2322 754 2396 tempus
778 2320 830 2395 qui
855 2320 1012 2397 agitabant
1034 2321 1149 2380 nobiles

132 2411 290 2470 facillime:
316 2403 332 2490 s
359 2429 461 2469 eorum
487 2409 539 2468 ille
566 2428 656 2484 opera
683 2429 720 2468 ne
748 2408 867 2468 domum
895 2409 1014 2485 quidem
1042 2409 1149 2468 hebuit

134 2500 358 2575 conducticiam,
380 2491 394 2578 l
414 2499 520 2558 saltem
538 2501 573 2556 ut
591 2500 743 2573 essetque
761 2498 885 2557 referret
903 2498 1016 2558 obitum
1036 2498 1149 2557 domini

93 2610 119 2649 so
133 2589 267 2649 servulus
276 2581 291 2646 ’.
316 2588 435 2665 scripsit
445 2588 611 2647 comoedias
626 2606 685 2661 sex,
699 2587 852 2664 exquibus
866 2587 994 2663 primam
1005 2587 1149 2647 Andriam

133 2697 200 2737 cum
214 2677 360 2736 aedilibus
377 2677 470 2750 daret,
489 2677 585 2736 iussus
600 2679 669 2735 ante
684 2674 813 2735 Caecilio
832 2678 966 2749 recitare,
985 2677 1024 2734 ad
1043 2696 1149 2737 cenan-

132 2771 193 2826 tem
221 2786 288 2825 cum
311 2768 449 2841 venisset,
481 2766 591 2824 dicitur
617 2768 738 2824 initium
767 2765 886 2842 quidem
913 2766 1041 2841 fabulae,
1070 2767 1149 2842 quod

133 2859 199 2916 erat
217 2857 432 2932 contemptiore
451 2857 570 2929 vestitu,
593 2853 734 2915 subsellio
752 2855 836 2913 iuxta
855 2855 997 2913 lectulum
1017 2855 1148 2914 residens

133 2946 249 3023 legisse,
280 2949 348 3021 post
375 2963 486 3021 paucos
509 2963 580 3004 vero
603 2963 706 3003 versus
733 2945 879 3003 invitatus
906 2947 941 3002 ut
964 2944 1150 3004 accumberet

94 3056 119 3095 re
134 3051 253 3094 cenasse
283 3053 356 3108 una,
390 3034 458 3092 dein
488 3035 586 3092 cetera
615 3033 832 3110 percucurrisse
860 3054 919 3093 non
947 3033 1009 3092 sine
1039 3053 1149 3112 magna

135 3122 258 3183 caecilii
281 3123 485 3183 admiratione.
532 3125 562 3181 et
584 3122 661 3181 hanc
685 3125 783 3181 autem
808 3125 837 3180 et
861 3122 992 3198 quinque
1018 3123 1149 3198 reliquas

134 3213 300 3289 aequaliter
317 3213 428 3290 populo
447 3211 599 3288 probavit,
622 3214 757 3288 quamvis
771 3212 928 3270 Volcacius
946 3213 979 3270 in
998 3231 1149 3271 enumera-

133 3303 214 3362 tione
239 3304 370 3362 omnium
393 3303 438 3360 ita
462 3301 572 3360 scribat
600 3295 651 3380 [fr.
671 3296 720 3380 2]:
751 3296 899 3360 ‘sumetur
921 3300 1040 3376 Hecyra
1067 3305 1150 3361 sexta

135 3392 219 3450 exilis
243 3387 367 3450 fabula'.
404 3390 564 3450 Eunuchus
588 3390 708 3465 quidem
730 3389 776 3450 bis
800 3390 846 3449 die
870 3393 938 3449 acta
961 3393 1007 3450 est
1028 3393 1149 3450 meruit-

90 3500 119 3539 so
133 3500 190 3556 pue
213 3482 360 3556 pretium,
392 3482 536 3556 quantum
564 3480 648 3539 nulla
675 3483 764 3539 antea
787 3481 962 3554 cuiusquam
984 3480 1150 3553 comoedia,

111 3568 151 3628 id
185 3573 236 3632 est
272 3572 342 3635 octo
380 3571 470 3636 milia
510 3591 716 3637 nummorum.
760 3603 801 3613 -ν
845 3587 921 3631 uem
957 3568 1158 3644 adelphum
