2422 3840
51 226 54 233 ¹
86 152 150 217 104
267 151 473 206 Grammaticae
493 152 740 206 antevsrronianae
759 150 919 222 fragments

423 349 460 415 Β.
484 349 759 416 FRAGMENTA

421 507 470 560 DE
490 506 765 562 COGNOEHNIBUS

580 645 598 699 1

152 747 298 824 Sibyllam
332 748 482 825 Epicadus
515 747 550 805 de
584 747 808 824 cognominibus
841 749 885 807 ait
917 749 1109 824 appellatum

84 841 193 914 quiex
219 831 293 916 [his]
323 837 478 896 Sibullinis
505 836 590 895 libris
617 839 714 913 primo
742 856 858 896 sacrum
885 838 967 912 fecit,
1000 839 1108 898 deinde

86 927 213 1003 Syllam3
242 929 294 1002 qui
317 927 396 1002 quod
424 926 501 985 flavo
526 929 556 984 et
579 929 697 1003 compto
726 927 835 1003 capillo
862 927 963 1002 fuerit,
994 927 1108 987 similes

88 1016 189 1092 Syllae
213 1017 283 1074 sunt
308 1014 461 1091 appellati.

159 1115 237 1169 Char.
249 1132 279 1183 p.
296 1119 358 1180 110,
373 1117 389 1167 3
409 1115 453 1182 (=
469 1114 548 1167 Plia.
564 1114 626 1168 dub.
642 1130 718 1168 serm.
729 1131 760 1182 p.
776 1118 820 1180 43,
835 1115 928 1182 1613.)
943 1127 1058 1178 sibyllam
1074 1146 1107 1154 -

85 1200 197 1249 appones.
216 1185 282 1238 inde
302 1184 457 1238 effeminati
475 1185 615 1252 hodieque
634 1185 664 1237 in
681 1183 749 1238 ludo
769 1184 856 1253 syllae
872 1184 1016 1253 dicuntur,
1036 1203 1105 1254 quos

85 1257 169 1326 vulgo
197 1257 389 1325 imprudenter
412 1255 532 1325 populus
556 1256 689 1324 appellat.
727 1258 850 1310 ceterum
872 1256 962 1324 Psylli
987 1263 1055 1311 sunt
1077 1257 1106 1310 in

86 1329 181 1382 Africa
205 1327 380 1396 serpentibus
403 1327 560 1393 medentes,
585 1327 658 1380 sicut
680 1327 710 1380 in
728 1326 812 1381 Italia
831 1327 925 1384 Marsi.
963 1328 997 1382 de
1016 1329 1108 1384 Plinii

84 1401 160 1466 fonte
183 1399 218 1466 cf.
240 1399 367 1465 Miiuzer,
389 1398 539 1469 Quelleulcr.
559 1398 585 1451 el.
600 1399 655 1469 Np.
671 1399 697 1452 d.
714 1399 760 1452 Pl.
777 1402 884 1467 p.155.
917 1401 1055 1469 ceteroqui
1072 1400 1105 1466 cf.

92 1472 180 1526 Varro
198 1471 234 1536 fr.
251 1474 312 1524 368.
345 1470 425 1524 Pliu.
444 1487 471 1523 u.
487 1470 511 1522 le.
533 1473 558 1536 7,
574 1473 615 1523 13.
649 1471 737 1524 Prisc.
752 1488 782 1539 p.
803 1474 865 1537 524,
879 1474 905 1524 2.
941 1471 1067 1526 Maerob.
1084 1476 1107 1538 1,

87 1547 130 1608 17,
144 1546 182 1597 27
206 1540 281 1595 bello
305 1540 410 1594 Punico
432 1540 464 1594 hi
489 1540 549 1593 ludi
575 1541 836 1665 iffmnimmiiex
855 1539 937 1595 libris
959 1540 1106 1611 Sibyllinis

41 1660 44 1665 .
86 1613 208 1682 primum
232 1614 297 1665 sunt
319 1611 444 1665 instituti
467 1611 574 1665 suadcn
622 1609 750 1666 Cornelio
793 1611 842 1665 ufo
863 1613 1034 1680 decemviro,
1059 1613 1108 1681 qni

86 1685 235 1753 propterea
254 1682 362 1752 Sibylla
386 1683 599 1753 cognominatus
618 1685 662 1737 est
681 1685 709 1736 et
726 1686 826 1752 postea
844 1686 975 1753 corrupto
995 1684 1108 1740 nomine

86 1755 193 1825 primus
214 1754 306 1823 coepit
326 1754 404 1823 Sylla
422 1754 546 1809 vocitari.

160 1879 239 1933 ahie
258 1880 308 1933 del.
325 1879 391 1933 Keil
448 1878 519 1932 facit
627 1878 770 1948 3Syllam
784 1880 947 1935 Fabricius:
967 1827 1109 1950 sydiabam

88 1951 174 2005 fucrit
193 1951 355 2006 Fabricius:
376 1950 445 2003 -rint
463 1951 521 2008 cod,
539 1950 595 2003 fuit
614 1951 680 2005 Keil

497 2127 546 2181 DE
565 2127 700 2182 METRIS

157 2351 362 2410 hexameter
384 2369 508 2410 versus

167 2451 265 2504 Victor.
279 2467 307 2518 p.
322 2454 388 2515 209,
402 2455 419 2503 9
433 2449 595 2504 hexameter
609 2450 713 2504 dicitur
728 2467 764 2504 an
777 2450 975 2504 hexametrus?
1003 2451 1110 2503 utrum·
1136 2478 1139 2483 ·

91 2537 145 2588 que
163 2523 196 2573 ut
214 2520 346 2576 Euander
369 2521 397 2574 et
417 2521 577 2587 Euandrus,
600 2538 718 2589 quorum
740 2540 828 2575 unum
850 2521 927 2575 venit
951 2537 985 2576 ex
1004 2520 1110 2575 Graeca

91 2592 299 2657 enuntiatione,
323 2592 443 2645 altemm
467 2609 499 2644 ex
523 2592 634 2646 Latina.
671 2593 775 2661 quippe
800 2592 943 2647 Cornelius
968 2591 1109 2661 Epicadus

91 2663 121 2717 in
141 2681 172 2717 eo
191 2663 272 2729 libro,
291 2679 375 2731 quem
395 2664 429 2716 de
447 2664 543 2716 metris
563 2663 688 2732 scripsit,
707 2679 759 2718 hex.
779 2664 872 2731 inquit
889 2689 972 2718 versus.
1005 2665 1110 2718 Aridus

91 2752 146 2790 ecce.
171 2753 201 2803 p,
231 2738 293 2802 336,
312 2739 351 2788 28
384 2733 528 2788 Cornelius
555 2734 697 2803 Epicadus
725 2736 755 2788 in
783 2751 816 2790 eo
843 2734 929 2798 libro,
963 2751 1049 2802 quem
1076 2735 1110 2788 dc

92 2805 188 2858 metris
208 2805 328 2874 scripsit,
348 2821 399 2859 hex.
437 2806 530 2874 inquit
549 2832 630 2861 versus.
666 2809 700 2872 cf.
725 2807 796 2861 Aser.
819 2805 900 2875 Opill.
924 2805 962 2872 fr.
980 2809 1028 2860 25.
1052 2810 1109 2860 25¹.

163 2896 336 2948 exametrum
354 2896 446 2949 Paria

529 3036 671 3092 DUBIUM

588 3174 609 3229 3

162 3275 314 3336 Cornelius
351 3280 382 3336 et
413 3277 551 3336 Lutatius
591 3271 641 3355 [fr.
667 3274 700 3357 4]
741 3278 873 3337 scribunt
909 3298 978 3337 eum
1014 3279 1111 3338 locum

95 3361 246 3445 [Curtium
265 3360 373 3445 lucum]
398 3385 459 3425 esse
482 3367 660 3442 fulguritum
685 3370 716 3426 at
739 3388 773 3425 ex
798 3368 826 3426 S.
845 3366 875 3426 O.
900 3370 1019 3442 septum
1043 3386 1111 3442 esse,

94 3455 125 3514 id
149 3455 228 3530 quod
251 3456 363 3513 factum
386 3458 430 3514 est
449 3475 467 3513 a
486 3453 588 3514 Curtio
612 3457 739 3531 consule,
763 3459 810 3515 cui
828 3457 867 3514 M.
884 3455 1032 3516 Genucius
1056 3458 1113 3515 fuit

81 3544 206 3618 collega,
235 3543 372 3604 Curtium
398 3545 595 3624 appellatum.
