2422 3840
447 193 484 249 M.
504 193 651 249 'Potentius
669 191 758 247 Varro
1044 191 1107 258 321

93 360 210 440 Attica,
242 367 277 423 ut
306 366 350 423 ait
372 364 483 438 Varro,
515 366 625 423 circum
654 364 735 422 vicos
763 363 807 421 ire
835 363 925 422 solita
953 363 1052 421 fuerat
1079 366 1110 422 et

94 456 234 530 quaestus
258 455 306 512 sui
328 472 419 512 causa
441 454 497 512 hoc
520 472 611 532 genus
635 453 775 511 carminis
801 451 1029 527 pronuntiabat;
1057 454 1110 510 aut

94 546 173 602 certe
187 542 298 602 aludis
312 543 504 618 vicinalibus3
522 561 593 601 nam
606 545 710 619 postea
725 561 814 617 quam
829 559 864 598 ex
881 542 961 618 agris
975 540 1109 600 Athenas
1137 560 1149 600 s

94 634 322 709 commigratum
350 635 395 691 est
423 635 453 691 et
478 633 512 690 hi
538 631 602 690 ludi
629 632 763 690 instituti
790 633 868 706 sunt,
898 631 975 690 siout
997 631 1109 688 Romae

94 721 293 798 conpitalioii,
324 723 362 781 ad
389 721 554 780 canendum
582 720 742 797 prodibant
765 723 795 779 et
822 720 859 778 ab
882 719 997 778 urbana
1024 718 1109 802 κώμῃ

93 808 143 869 καὶ
166 802 226 894 ᾠδῇ
250 811 403 870 comoedia
422 811 502 870 dicta
526 810 654 886 est;.vel
673 810 752 885 quod
774 811 807 866 in
831 828 866 867 ea
886 810 1055 869 viculorum
1079 809 1110 866 id

95 903 140 958 est
169 900 328 958 humilium
358 899 499 959 domuum
528 901 667 959 fortunae
697 897 1019 975 conprehendebantur,
1050 918 1109 957 non

93 991 128 1047 ut
157 990 189 1046 in
219 989 375 1068 tragoedia
406 989 595 1065 publicarum
626 987 850 1065 regiarumque3
887 988 934 1047 vel
967 985 1025 1047 ἀπὸ
1058 995 1109 1046 τοῦ
1125 1011 1150 1050 ro

93 1077 195 1155 κώμου
219 1077 250 1136 id
274 1081 319 1137 est
342 1079 543 1153 comisatione,
568 1079 638 1153 quia
662 1078 734 1136 olim
756 1080 788 1136 in
812 1077 976 1136 eiusmodi
997 1077 1109 1135 fabulis

94 1169 262 1227 amantium
284 1169 425 1226 iuvenum
448 1176 542 1243 κῶμοι
566 1168 755 1227 canebantur.

165 1302 258 1357 Diem.
298 1307 415 1368 .488,3
434 1301 578 1356 comoedia
598 1303 640 1355 est
663 1302 789 1371 privatae
813 1299 958 1370 civilisque
981 1300 1111 1356 fortunae

94 1373 154 1426 sine
173 1320 298 1441 pericuih
318 1373 416 1445 [vitae]
436 1373 650 1442 conprehensio,
675 1374 751 1442 apud
775 1371 894 1426 Graecos
918 1373 959 1426 ita
983 1372 1109 1426 definita:

95 1443 239 1516 ‘cappella
255 1445 329 1500 ἐστὶν
344 1447 492 1499 ἰδιωτικῶν
506 1443 677 1515 πραγμάτων
691 1442 844 1505 ἀκίνδυνος
856 1444 993 1514 περιοχή’.
1025 1469 1111 1498 comoe-

93 1531 132 1570 dis
148 1549 181 1557 -
195 1532 339 1570 emebantur.
368 1517 513 1570 comoedia
531 1533 548 1569 a
567 1516 715 1586 tragoedia
735 1515 837 1583 differt,
857 1516 933 1584 quod
951 1516 981 1568 in
1000 1518 1111 1586 tragoe-

94 1587 142 1640 dia
165 1587 382 1641 introdueuntur
408 1589 506 1642 heroes
534 1589 618 1641 duces
646 1604 739 1657 reges,
768 1587 798 1640 in
822 1587 966 1642 comoedia
989 1587 1110 1641 humiles

94 1660 179 1727 atque
198 1659 326 1727 privatae
345 1658 534 1731 <personae>,
553 1659 583 1711 in
602 1658 653 1712 illa
667 1659 760 1712 luctus
780 1658 864 1711 exilia
883 1659 991 1726 caedes,
1009 1659 1039 1711 in
1058 1659 1111 1712 hac

94 1748 214 1797 amores,
242 1731 383 1800 virginum
405 1734 516 1800 raptus,
545 1730 646 1784 deinde
670 1731 745 1798 quod
767 1730 798 1782 in
821 1730 872 1783 illa
894 1730 1055 1798 frequenter
1083 1732 1111 1783 et

93 1819 182 1870 paene
210 1819 321 1871 semper
351 1803 434 1856 laetis
461 1802 544 1855 rebus
574 1802 664 1855 exitus
696 1802 790 1855 tristes
819 1803 848 1856 et
874 1801 1027 1855 liberorum
1055 1801 1110 1855 for-

92 1875 281 1942 tunarumque
300 1874 424 1942 priorum
443 1874 472 1927 in
491 1874 571 1942 peius
587 1891 602 1926 a
617 1891 634 1926 e
649 1873 777 1942 adgnitio
796 1873 903 1943 [tristes
922 1873 1111 1926 fortunarum-

94 1961 148 2013 que
166 1946 293 2013 priorum
312 1945 342 1999 in
360 1947 441 2013 peius
456 1945 660 2018 <commutatio
681 1945 841 2012 succedunt,
861 1944 891 1997 in
909 1944 963 1998 hac
982 1944 1110 1998 tristibus

93 2016 176 2070 rebus
196 2016 287 2071 exitus
305 2017 374 2071 laeti
393 2016 471 2072 velut
489 2016 628 2088 nuptiae>
648 2021 677 2070 et
695 2016 847 2070 liberorum
866 2016 994 2086 adgnitio
1010 2016 1112 2070 Kuibcl

95 2087 182 2143 ch
193 2105 222 2157 p.
239 2089 295 2160 58].
334 2105 420 2156 quare
439 2089 517 2143 varia
535 2088 639 2159 [variat
656 2090 697 2142 cel
715 2090 812 2142 vereat
835 2088 923 2159 codd]
947 2087 1111 2142 definitione

94 2158 233 2214 discretae
261 2163 339 2226 sunt3
368 2160 457 2214 altera
485 2160 560 2214 enim
588 2157 741 2220 deluderes
762 2159 887 2242 περιοχή,
916 2158 1005 2212 altera
1027 2159 1112 2229 τύχης

93 2229 255 2299 westernere
273 2231 350 2284 dicta
369 2234 412 2285 est
431 2232 536 2303 [dictae
556 2233 621 2285 sunt
639 2231 737 2302 codd}
774 2230 891 2284 tristitia
914 2247 1035 2298 namque
1054 2234 1111 2283 tra-

94 2302 212 2371 goediae
227 2303 384 2371 proprium3
404 2304 523 2370 ideoque
542 2303 617 2374 [ideo
632 2303 707 2370 quod
721 2302 810 2372 cedd]
830 2301 977 2370 Euripides
996 2303 1111 2371 petente

93 2373 231 2427 Archelao
254 2390 333 2444 rege,
356 2377 389 2426 ut
412 2374 446 2427 de
473 2393 501 2427 se
520 2374 696 2443 tragoediam
715 2373 857 2439 scriberet,
878 2373 978 2427 abnuit
997 2390 1030 2426 ac
1048 2389 1111 2441 pre·

93 2448 173 2499 catus
199 2447 242 2498 est
266 2464 300 2498 ne
327 2447 468 2499 accideret
492 2445 630 2500 Archelao
659 2445 767 2514 aliquid
795 2444 959 2514 tragoediae
988 2445 1110 2516 [tragoe-

94 2517 156 2569 dice
183 2518 281 2572 Usener
304 2518 371 2571 ibid.
393 2536 423 2586 p.
445 2521 497 2572 621
513 2519 577 2570 cde.
599 2518 640 2587 1],
669 2517 818 2570 ostendens
847 2516 919 2569 nihil
947 2516 1025 2569 aliud
1051 2532 1110 2569 esse

93 2588 272 2657 tragoediam
290 2605 374 2655 quam
393 2589 570 2642 miseriarum
594 2587 866 2655 conprehensionem.
904 2591 1004 2656 poetae
1027 2587 1111 2656 primi

94 2660 193 2713 comici
216 2660 330 2714 fuerunt
354 2660 485 2713 Susarion
509 2659 612 2712 Mullus
636 2663 665 2712 et
687 2659 811 2729 Magnes.
849 2658 879 2711 hi
902 2659 1003 2713 veteris
1028 2659 1110 2712 disci-

93 2729 188 2798 plinae
207 2730 343 2785 iocularia
369 2731 470 2802 [-atria
485 2732 558 2803 AB]
582 2731 720 2798 quaedam
743 2731 835 2783 minus
855 2730 924 2784 scite
943 2748 976 2784 ac
994 2732 1110 2784 venuste

93 2802 325 2870 pronuntiabant,
344 2803 374 2855 in
393 2803 495 2870 quibus
519 2802 548 2854 hi
567 2819 662 2856 versus
686 2801 812 2856 fuerunt:
834 2799 1011 2870 ’Σουσαρίων
1030 2803 1110 2855 ταυτὶ

93 2873 178 2942 λέγει·
191 2875 205 2946 J
217 2875 306 2928 κακὸν
321 2883 464 2944 γυναῖκες·
484 2871 539 2927 ἀλλ’
558 2870 639 2942 ὅμως,
659 2868 679 2926 ὦ
695 2872 822 2941 δημόται,
835 2876 848 2944 s
861 2874 912 2927 oda
931 2873 1004 2928 ἔστιν
1019 2874 1110 2940 εὑρεῖν

95 2941 190 3000 οἰκίαν
210 2945 277 3000 ἄνευ
297 2947 406 2999 ιιαιιοῦ’.
446 2946 569 2999 secunda
588 2946 681 2998 aetate
700 2945 814 2998 fuerunt
832 2944 1036 3014 Aristophanes
1056 2944 1110 2996 Eu-

92 3016 165 3085 polis
195 3021 224 3070 et
251 3016 380 3072 Cratinus
409 3016 528 3087 [oratius
552 3017 643 3070 codd:
670 3034 718 3071 cm.
737 3017 800 3087 c9.],
828 3017 877 3084 qui
900 3019 929 3069 et
950 3016 1111 3085 principum

92 3088 162 3141 vitia
181 3089 282 3142 sectati
301 3088 495 3142 acerbissimas
515 3088 672 3142 comoedias
692 3089 905 3155 conposuerunt.
933 3088 1018 3141 tertia
1033 3089 1109 3140 aetas

93 3159 149 3212 fuit
167 3160 315 3213 Menandri
334 3159 443 3228 Diphili
467 3163 494 3213 et
513 3159 697 3224 Philemonis,
721 3159 770 3227 qui
794 3176 904 3213 omnem
928 3159 1110 3212 acerbitatem

93 3231 255 3285 comoediae
283 3231 484 3300 mitigaverunt
512 3233 597 3298 etque
626 3232 792 3300 argumenta
819 3230 989 3299 multiplicia
1021 3229 1110 3299 gratis

93 3303 214 3373 [graecis
237 3303 326 3374 codd]
351 3304 489 3356 erroribus
514 3303 602 3355 secuti
627 3304 699 3356 sunt.
738 3301 773 3354 ab
792 3302 836 3356 his
856 3303 975 3355 Romani
998 3300 1110 3354 fabulas

92 3374 306 3442 transtulerunt,
335 3377 363 3427 et
391 3376 502 3428 constat
530 3375 605 3442 apud
633 3373 697 3426 illos
720 3374 842 3442 primum
860 3373 960 3426 Latino
985 3389 1110 3426 sermone

93 3446 267 3499 comoediam
281 3446 391 3500 Livium
405 3447 596 3499 Andronicum
615 3445 766 3514 scripsisse.
796 3447 865 3498 sunt
882 3443 1127 3511 spississimu-

93 3516 237 3570 charmum
251 3517 281 3569 in
297 3516 333 3571 (lo
353 3519 446 3572 insula
465 3518 628 3573 exulantem
645 3517 778 3590 primum
790 3518 853 3572 hoo
871 3531 995 3568 carmon
1004 3511 1148 3581 recusas·

89 3591 163 3639 tasse
186 3589 278 3640 etsie
300 3605 318 3641 a
343 3589 398 3644 Ceo
424 3593 607 3648 comoediam
634 3593 705 3648 dici.
743 3593 838 3647 antea
861 3587 972 3651 tauns
992 3571 1176 3646 &mm

126 3700 293 3744 Grammaticos
308 3707 432 3751 Romanas
448 3713 594 3767 fragmenta
619 3717 658 3758 erl,
672 3717 820 3758 Rumam
914 3697 960 3746 ‘hl
