2422 3840
441 208 477 260 Μ.
497 207 644 263 Terentius
662 207 750 261 Varro
931 244 935 265 2
1037 206 1102 270 313

86 378 300 457 adaggeratam
322 377 402 451 Nilo,
433 379 458 436 si
482 377 601 454 quidem
626 397 643 435 a
666 377 763 436 Pharo
791 377 898 448 insula,
925 395 1002 452 quae
1025 395 1103 435 nunc

84 466 283 526 Alexandriae
312 468 402 542 ponte
424 467 569 544 iungitur,
596 467 692 525 noctis
716 465 834 540 dieique
857 465 973 525 velifico
1001 465 1103 544 navigi

86 575 175 616 cursu
207 557 318 614 terram
353 557 463 615 afuisse
500 555 641 632 prodidit.
687 575 755 615 mox
788 554 987 614 aemulatione
1024 555 1102 614 circa

84 646 280 705 bibliothecas
317 665 421 722 regum
457 644 622 704 Ptolemaei
659 649 689 704 et
720 645 863 703 Eumenis
900 645 1103 720 supprimente

85 737 204 794 chartas
227 734 398 794 Ptolemaeo
421 734 499 792 idem
518 734 615 794 Varro
638 734 826 793 membranas
848 733 986 811 Pergami
1007 733 1143 796 traditis

85 826 227 901 repertas.
268 826 374 901 postea
396 827 562 899 promiscue
585 825 718 900 repatuit
740 841 811 882 usus
834 824 878 881 rei
902 842 962 898 qua
985 824 1103 881 constat

84 913 286 972 inmortalitas
309 913 471 972 hominum.

157 1047 231 1100 Plio.
240 1065 268 1100 11.
278 1048 303 1101 h.
314 1051 357 1114 13,
369 1050 404 1102 68
419 1047 496 1115 prius
511 1049 605 1101 tamen
620 1064 706 1116 quam
716 1045 908 1115 digrediamur
918 1045 953 1099 ab
963 1046 1102 1116 Aegypte,

85 1119 113 1172 et
131 1117 232 1188 papyri
251 1120 353 1171 natura
372 1117 493 1184 dicetur,
518 1135 580 1172 cum
600 1119 713 1172 chartae
732 1134 785 1171 usu
803 1115 923 1171 maxime
942 1117 1102 1170 humanitas

84 1188 160 1243 ritae
185 1191 301 1255 constet,
326 1191 400 1243 certe
423 1190 565 1243 memoria.
604 1208 626 1244 et
643 1205 702 1244 uene
720 1221 747 1230 —
765 1203 887 1244 hominum.
924 1190 958 1256 ef.
979 1189 1051 1261 Lyd.
1071 1190 1103 1244 de

85 1279 167 1316 1110110.
191 1279 218 1329 p.
238 1265 281 1327 14,
301 1265 335 1314 11
360 1261 401 1315 W.
426 1261 541 1316 Hieron.
561 1279 601 1331 ep.
625 1263 663 1316 ced
687 1261 823 1317 6111011101.
844 1261 909 1315 VII.
954 1261 1025 1316 Suet.
1044 1261 1101 1316 rell.

80 1350 111 1403 p.
127 1337 181 1387 130
195 1333 230 1387 R.
247 1335 290 1398 (=
306 1333 374 1386 leid.
390 1349 428 1386 or.
445 1337 470 1398 6,
485 1337 510 1385 9.
530 1337 573 1386 10.
594 1339 636 1387 11.
656 1335 701 1400 12)
726 1349 851 1386 0010111111
870 1331 996 1385 studium
1018 1331 1103 1400 primi

86 1402 185 1458 Graeci
210 1403 360 1457 tradidisse
384 1404 548 1472 produntur.
587 1404 686 1458 Graeci
710 1406 805 1456 autem
828 1403 857 1456 et
875 1402 959 1457 Tusci
981 1403 1102 1472 primurn

85 1475 158 1528 ferro
172 1474 203 1528 in
217 1473 287 1529 ceris
302 1474 480 1544 scripserunt,
494 1477 593 1542 postea
606 1475 726 1530 Romani
740 1474 889 1540 iusserunt,
904 1492 938 1528 ne
953 1473 1103 1544 graphium

87 1545 208 1600 ferreum
227 1547 289 1613 quis
308 1545 438 1611 haberet3
457 1547 531 1600 unde
552 1548 580 1599 et
598 1548 674 1616 apud
693 1546 799 1600 scribas
819 1545 977 1600 dicebatur:
998 1547 1103 1600 ‘ceram

85 1617 158 1672 ferro
174 1635 208 1671 ne
223 1616 354 1671 caedito'.
388 1620 488 1686 postea
502 1618 665 1672 institutum
680 1620 729 1683 est,
744 1619 777 1670 ut
790 1617 819 1670 in
834 1634 898 1671 cera
913 1616 1021 1672 ossibus
1037 1617 1102 1671 scri-

85 1688 193 1756 berent,
208 1687 280 1743 sicut
294 1689 402 1742 indicat
412 1689 480 1742 Atta
492 1687 521 1742 in
533 1692 628 1743 satura
639 1690 734 1744 dicens
749 1689 892 1760 [SRPII
903 1706 927 1742 o.
938 1693 975 1744 12
982 1688 1102 1760 Ribb.⁸]:

87 1760 239 1814 ‘vertamus
267 1777 415 1827 vomerem,
435 1759 450 1832 s
469 1759 500 1813 in
528 1777 591 1815 cera
623 1776 754 1814 mucrone
787 1776 876 1829 aeque
904 1761 1102 1832 [mucroneque

85 1832 177 1886 codd:
205 1849 252 1886 em.
277 1831 357 1886 Ribb.
381 1847 513 1885 mucrone
537 1848 680 1885 exaremus
702 1849 781 1901 prop.
807 1831 965 1903 Buecheler]
993 1847 1102 1885 aremus

85 1903 185 1958 osseo’.
232 1903 383 1972 graphium
411 1905 505 1956 autem
531 1920 639 1973 graece,
667 1903 756 1956 latine
784 1902 962 1972 scriptorium
990 1903 1101 1956 dicitur.

84 1990 150 2028 nam
165 1973 261 2042 γραφὴ
275 1974 416 2042 scriptura
430 1977 480 2028 est.
499 2007 532 2014 -
552 1973 712 2029 chartarum
726 1992 807 2028 usum
821 1973 944 2043 primum
957 1975 1102 2043 Aegyptus

85 2043 264 2109 ministravit,
283 2047 415 2114 coeptum
433 2047 509 2114 apud
528 2045 741 2115 Memphitieam
760 2044 865 2098 urbem.
885 2077 919 2085 -
938 2045 1103 2116 Pergameni

84 2133 165 2186 reges
184 2133 248 2170 cum
267 2117 365 2170 charta
378 2116 539 2187 indigerent
552 2116 716 2171 membrana
728 2117 850 2186 primum
864 2117 1102 2187 excogitaverunt.

86 2219 119 2228 -—
148 2189 288 2256 quaedam
315 2203 420 2258 genera
447 2188 582 2242 librorum
610 2189 693 2243 certis
721 2188 843 2242 modulis
872 2188 1103 2253 conficiebantur3

85 2258 206 2313 breviori
221 2259 311 2313 forma
326 2258 451 2314 carmina
466 2263 550 2327 atque
565 2259 712 2329 epistulae,
732 2262 840 2314 atvero
854 2259 989 2314 historiae
1003 2259 1103 2313 maiori

85 2329 199 2384 modulo
223 2330 429 2397 scribebantur;
454 2333 482 2384 et
505 2345 561 2385 non
584 2332 675 2386 solum
697 2332 728 2385 in
752 2332 850 2386 charta
873 2333 902 2385 et
924 2330 1103 2398 membranis,

87 2403 137 2455 sed
157 2401 241 2455 etiam
261 2401 289 2454 in
310 2401 429 2456 omentis
444 2402 606 2474 [momentis
623 2404 676 2459 Ge.
693 2404 720 2474 1]
741 2401 930 2471 elephantinis
944 2401 1103 2456 textilibus-

87 2490 141 2542 que
160 2472 316 2527 malvarum
335 2473 411 2527 foliis
431 2476 516 2542 atque
535 2473 701 2543 palmarum.
721 2505 755 2516 -
775 2473 937 2527 circumcidi
956 2473 1042 2527 libros
1062 2473 1103 2527 Si-

86 2544 169 2598 ciliae
194 2544 314 2612 primum
341 2544 493 2610 increbuit;
520 2563 584 2599 nam
611 2546 692 2599 initio
718 2545 942 2614 pumicabantur.
963 2577 995 2585 —
1016 2546 1103 2599 codex

84 2615 237 2670 multorum
256 2615 392 2669 librorum
411 2618 467 2682 est,
486 2616 558 2670 liber
578 2617 660 2670 unius
679 2617 835 2670 voluminis.
866 2618 894 2668 et
908 2616 1001 2670 dictus
1016 2617 1104 2670 codex

84 2704 135 2756 per
153 2686 367 2742 translationem
386 2704 403 2740 a
422 2687 585 2741 caudicibus
604 2688 704 2758 [codic.
738 2689 829 2742 codd:
847 2688 1003 2759 0111111εο]
1023 2687 1103 2741 arbo-

85 2776 148 2812 rum
167 2775 216 2812 seu
234 2758 335 2813 vitium
354 2759 589 2830 [011011001111011]ἱ
608 2761 684 2827 quod
702 2759 732 2812 in
748 2776 776 2812 se
791 2759 1003 2812 multitudinem
1016 2758 1103 2813 libro-

84 2847 147 2882 rum
166 2830 246 2897 quasi
266 2847 406 2884 ramorum
426 2830 577 2885 contineat.
615 2830 744 2884 volumen
766 2830 838 2883 liber
861 2832 903 2883 est
927 2845 944 2882 a
966 2828 1102 2884 volvendo

86 2899 188 2954 dictus.
216 2899 289 2954 liber
302 2903 345 2955 est
359 2901 476 2956 interior
488 2901 586 2955 tunica
600 2902 720 2969 corticis,
735 2917 807 2970 quae
820 2901 900 2971 ligno
914 2902 1052 2956 cohaeret.
1067 2935 1102 2941 -

85 2973 161 3026 unde
180 2974 208 3026 et
227 2971 299 3025 liber
317 2973 428 3038 dicitur,
447 2973 478 3025 in
497 2990 552 3039 quo
572 2973 732 3038 scribimus3
755 2973 822 3040 quia
841 2976 905 3027 ante
924 2991 1005 3027 usum
1024 2974 1103 3027 char·

85 3045 132 3097 tae
154 3044 199 3096 vel
222 3043 445 3097 membranorum
467 3044 579 3167 <g-arum
604 3047 715 3100 Monac.
737 3046 791 3100 Ga.
807 3045 835 3116 1]
860 3045 894 3100 de
917 3044 997 3098 libris
1023 3043 1103 3098 arbo-

85 3132 148 3167 rum
166 3114 308 3168 volumina
331 3115 438 3169 fiebant
456 3114 465 3167 i
505 3118 547 3168 est
566 3115 846 3186 compaginabantur.
879 3115 955 3169 unde
973 3119 1002 3170 et
1016 3115 1103 3185 scrip-

85 3187 160 3240 tores
189 3204 206 3239 0
232 3186 313 3240 libris
342 3186 472 3240 arborum
499 3185 629 3241 librarios
656 3190 832 3242 vocaverunt.
878 3186 1008 3241 librarios
1037 3189 1103 3241 ante

85 3255 256 3325 bibliopolas
276 3258 379 3323 dictos3
397 3257 501 3311 librum
520 3258 595 3312 enim
610 3257 710 3312 Graeci
727 3256 834 3331 βιβλίον
847 3260 957 3312 vocant.
994 3258 1104 3312 librarii

85 3331 181 3381 autem
199 3328 274 3382 idem
294 3329 335 3400 [id
354 3330 524 3383 0111110000.
540 3348 595 3400 ug:
614 3331 773 3402 0110110111]
792 3332 821 3384 01
836 3330 990 3398 antiquarii
1005 3347 1104 3385 vocan-

86 3401 139 3452 tur.
177 3399 227 3453 sed
245 3399 355 3454 librarii
375 3402 440 3453 sunt
458 3401 507 3468 qui
526 3418 598 3455 nova
619 3401 745 3455 scribunt
769 3403 798 3455 et
820 3404 927 3467 vetera,
951 3400 1109 3467 antiquarii

85 3470 135 3539 qui
153 3473 265 3525 tantum
283 3472 366 3525 modo
387 3474 493 3539 vetera,
517 3473 592 3526 unde
611 3475 640 3526 et
658 3490 764 3528 nomen
780 3474 981 3542 sumpserunt.
1015 3487 1038 3521 e.
1052 3469 1139 3542 som-g

85 3542 178 3596 bendo
198 3545 289 3596 autem
308 3543 400 3610 scriba
418 3560 520 3599 nomen
541 3546 657 3618 aecepit
671 3545 807 3604 officinm
818 3544 993 3614 exprimens
1004 3531 1155 3588 10011οὼ

79 3611 222 3680 ruditate.
259 3613 451 3676 astrumenta
479 3623 549 3679 sunt
578 3621 736 3683 scribendi
761 3619 904 3680 calamus
930 3614 1111 3680 supensos
1133 3606 1178 3644 ἢ*
