2422 3840
137 159 203 223 512
303 157 508 212 Grammaticae
528 158 630 211 aetatis
649 159 809 226 Augusteae
829 156 989 227 fragmenta

105 356 114 377 ν
136 330 195 388 viri
213 330 394 403 potestatem
411 346 472 385 non
490 329 651 401 committit,
674 345 740 385 eam
758 327 915 401 pecuniam
932 328 997 384 viro
1017 328 1155 386 mutuam

110 417 198 492 tdat3
216 419 329 493 postea,
352 415 405 474 ubi
422 417 500 473 irata
519 416 601 474 facta
620 419 673 489 est,
697 433 815 474 servum
833 416 1025 489 recepticium
1045 417 1154 474 sectari

136 510 225 581 atque
238 506 379 583 flagitare
393 506 491 563 virum
505 499 609 564 iubet’.
642 505 840 579 quaerebatur
856 523 958 562 servus
976 506 1153 580 recepticius

135 595 207 670 quid
225 597 309 654 esset.
342 593 412 652 libri
431 596 534 653 statim
548 593 677 669 quaesiti
698 593 842 668 allatique
857 596 926 651 sunt
939 593 1040 651 Verrii
1053 593 1154 653 Flacci

134 683 170 741 de
190 684 322 743 obscuris
338 681 468 742 Catonis
502 685 535 740 in
553 682 629 742 libro
649 682 776 741 secundo
796 685 939 758 scriptum
953 685 983 739 et
997 683 1152 742 inventum

136 776 181 831 est
203 774 395 848 recepticium
423 792 540 830 serrum
568 772 627 829 dici
654 790 784 847 nequam
807 774 837 829 et
864 771 942 828 nulli
969 771 1070 846 pretii,
1101 776 1153 848 qui

94 876 120 914 10
135 880 202 919 cum
238 881 347 921 venum
384 865 460 920 esset
492 861 579 919 datus
616 859 781 918 redhibitus
814 861 851 918 ob
885 859 1007 933 aliquod
1043 862 1152 920 vitium

133 953 330 1026 receptusque
354 952 402 1009 sit.
448 953 641 1025 propterea
671 951 771 1023 inquit
798 967 922 1008 servus
952 951 1029 1007 eius
1057 951 1152 1010 modi

134 1042 269 1099 sectari
291 1041 460 1098 maritum
479 1042 514 1097 et
536 1039 713 1116 flagitare
736 1040 924 1114 pecuniam
948 1038 1151 1115 iubebatur,

133 1131 228 1187 uteo
250 1131 330 1204 ipso
349 1129 452 1187 dolor
474 1130 588 1186 maior
607 1130 641 1185 et
659 1127 880 1185 contumelia
903 1128 1052 1205 gravior
1070 1131 1150 1188 viro

133 1217 256 1292 fieret,
280 1217 469 1294 quodcum
494 1235 619 1276 servus
642 1216 752 1273 nihili
775 1216 952 1292 petendae
975 1218 1151 1292 pecuniae

93 1320 118 1361 15
134 1324 240 1364 causa
264 1307 497 1382 conpelleret.

206 1405 274 1460 Gell.
289 1411 333 1471 17,
349 1410 374 1472 6,
389 1411 404 1458 1
424 1420 455 1458 Μ.
470 1418 524 1459 ecto
538 1437 566 1444 —
579 1419 721 1467 conpelleret.
755 1421 818 1457 cum
837 1419 906 1472 pace
921 1405 1015 1456 autem
1030 1421 1150 1472 cumque

132 1476 214 1528 venia
239 1477 369 1543 istorum,
394 1477 417 1529 si
441 1477 489 1544 qui
516 1478 593 1542 sunt,
622 1475 672 1543 qui
690 1474 782 1528 Verrii
800 1475 895 1528 Flacci
914 1475 1085 1529 auctoritate
1105 1492 1150 1530 ca-

131 1547 256 1615 piuntur,
277 1548 385 1601 dictum
403 1548 456 1600 hoc
471 1547 703 1615 sit31eceptioius
718 1546 794 1599 enim
808 1562 903 1600 servus
918 1547 948 1599 in
963 1562 996 1599 ea
1009 1563 1049 1614 re,
1065 1564 1150 1615 quam

131 1618 202 1671 dicit
225 1618 308 1686 Cato,
332 1618 411 1672 aliud
434 1619 547 1673 omnino
572 1621 614 1672 est
637 1635 722 1686 quam
741 1617 854 1671 Verrius
874 1617 993 1686 scripsit.
1037 1619 1150 1673 Vereins

131 1691 162 1742 in
182 1691 264 1745 libres
283 1692 327 1745 De
345 1693 415 1745 verb.
434 1692 528 1760 sipnif.
548 1691 619 1760 haee*
631 1692 729 1743 iternrn
748 1691 843 1743 iisdem
860 1691 916 1755 fere
938 1691 1026 1743 eerbis
1044 1693 1150 1744 rettnlit

132 1762 214 1829 (Fest.
230 1765 359 1830 112827,
377 1764 440 1831 24),
459 1779 514 1830 qne
533 1763 564 1815 in
582 1778 610 1815 re
629 1762 705 1814 band
722 1767 791 1814 reete
808 1761 944 1814 indicavit
964 1759 1112 1815 OMneller
1131 1765 1148 1816 l.

132 1849 152 1886 e.
169 1849 198 1901 p.
214 1834 245 1886 X
250 1835 297 1887 VI.
317 1834 349 1887 de
367 1836 473 1887 ratione
492 1851 560 1900 qnae
574 1835 646 1886 inter
664 1834 747 1885 libros
761 1832 804 1884 De
818 1834 885 1886 obse.
903 1832 961 1885 Cat.
981 1839 1006 1885 et
1019 1833 1064 1886 De
1078 1835 1147 1887 verb.

130 1905 225 1972 sipnif.
245 1906 385 1959 intercedit
403 1907 437 1971 ef.
459 1906 575 1969 Willers,
594 1905 626 1957 de
645 1904 719 1957 Verr.
735 1902 781 1955 Fl.
795 1905 908 1972 plectar.
928 1905 1040 1971 interpr.
1057 1923 1088 1972 p.
1104 1908 1147 1957 34.

129 1982 244 2029 eeternrn
263 1977 298 2042 ef.
317 1977 391 2030 Non.
409 1995 437 2044 p.
453 1981 497 2041 54,
513 1981 537 2030 7.
559 1975 644 2030 061>
664 1976 691 2028 V
705 1979 768 2040 651,
781 1978 825 2028 24.

203 2097 217 2144 3
232 2090 339 2160 recepit
353 2091 450 2161 Rapin.
466 2095 537 2145 1616
552 2092 624 2144 Voss.
641 2091 704 2144 Lat.
717 2091 776 2143 Fr
858 2097 875 2143 4
890 2090 1039 2143 conmittat
1054 2092 1147 2145 Paris.

130 2161 266 2233 dflagit]
299 2163 332 2228 ef.
366 2163 472 2227 Usener,
501 2163 553 2216 Rn.
579 2164 654 2216 Mna.
670 2166 763 2227 56,11
872 2166 888 2213 8
917 2164 945 2214 et
972 2164 1065 2216 Paris.
1095 2179 1146 2216 ona

129 2234 185 2286 rell.
267 2240 300 2287 14
314 2232 425 2302 ni(c)hil
439 2234 530 2286 Poris.
548 2235 620 2287 Voss.
636 2234 770 2287 Later
784 2241 809 2288 et
823 2238 876 2287 112
890 2239 950 2286 rnl
1033 2238 1066 2285 15
1082 2250 1146 2287 con-

128 2303 247 2376 pelleret
265 2307 358 2359 Paris.
384 2306 456 2362 Voss.
476 2306 541 2358 Lar.
559 2305 590 2357 F
608 2308 624 2358 7

373 2553 422 2606 DE
446 2552 647 2607 VERBORUM
672 2552 899 2607 SlGNlFIOATU

200 2697 343 2763 inscriptio
362 2714 379 2749 a
400 2696 487 2750 Gellio
506 2697 611 2750 tradita
630 2702 667 2750 est
686 2697 732 2762 (fr.
747 2701 772 2749 3,
787 2700 822 2763 4).
846 2696 957 2763 errando
980 2702 1071 2750 antem
1089 2699 1145 2763 fere

128 2768 266 2831 confectus
288 2768 355 2821 liber
376 2770 420 2833 eit,
443 2785 476 2820 en
499 2769 581 2822 Festo
599 2785 629 2835 p.
650 2771 730 2833 34701,
753 2772 790 2822 25
809 2768 853 2836 (ef.
872 2785 903 2835 p.
922 2771 1002 2832 154⁶,
1016 2771 1041 2820 3.
1063 2772 1144 2834 185a,

128 2841 174 2892 28.
194 2841 319 2906 270051)
339 2839 444 2892 Merkel
457 2841 563 2908 collepit
577 2841 689 2908 (proleq.
706 2840 743 2891 nd
759 2838 835 2892 Oeid.
850 2840 913 2904 fest.
924 2856 954 2906 p.
970 2839 1145 2908 xclvii),-

127 2910 169 2962 ebi
182 2910 252 2961 enirn
267 2910 376 2977 lepitnr:
395 2909 445 2962 ubi
458 2927 532 2963 nunc
547 2912 589 2964 est
606 2910 683 2963 aedis
699 2908 869 2962 Concordiae
883 2909 958 2963 inter
972 2908 1144 2977 Capitolium

129 2982 157 3032 et
171 2978 270 3042 forum,
286 2997 354 3047 qnae
365 3000 389 3034 a.
402 2980 501 3050 763i10
515 2983 609 3035 dicata
618 2989 662 3036 est.
686 2982 811 3051 sinpnlae
825 2997 885 3034 nero
897 2982 1009 3046 litterae,
1025 2998 1143 3048 qnarnm

127 3051 223 3104 ordine
242 3051 273 3104 id
291 3067 359 3120 opns
373 3053 532 3120 dispositum
552 3058 619 3118 eret,
641 3054 790 3120 ecrnplnres
810 3054 893 3106 libres
911 3053 1143 3118 conplectebantur

128 3122 172 3190 (ef.
194 3122 266 3176 Fest.
282 3139 311 3189 p.
327 3127 408 3188 3267,
422 3126 458 3190 2).
491 3124 524 3176 de
543 3125 634 3178 Verrii
651 3125 808 3178 anctoribns
823 3130 849 3177 et
867 3123 899 3177 de
913 3124 990 3176 Festi
1008 3124 1142 3178 breviario

126 3194 162 3258 ef.
169 3196 330 3260 praesertim
341 3195 531 3261 Reitzenstein,
542 3196 616 3249 Verr.
627 3195 738 3248 Forseb.
750 3195 848 3263 (Bresl.
854 3195 924 3262 pbii.
933 3194 1003 3248 Ate.
1010 3199 1035 3246 1.
1047 3199 1140 3263 1887).

626 3357 647 3412 3

178 3464 230 3525 lib.
250 3465 312 3526 IV.
362 3463 450 3527 urbe
486 3484 503 3526 a
537 3461 657 3525 Gallis
688 3460 889 3521 Senonibus
924 3466 1141 3537 recuperata

89 3551 127 3612 L.
161 3555 317 3622 Atilius
357 3563 397 3624 in
438 3563 576 3624 senatu
613 3555 731 3620 rerba
762 3552 857 3612 lecit
888 3547 926 3614 lb-
951 3548 1151 3620 bulp‘ic‘ium
