<?xml version="1.0" encoding="UTF-8"?>
<!DOCTYPE html PUBLIC "-//W3C//DTD XHTML 1.0 Transitional//EN"
    "http://www.w3.org/TR/xhtml1/DTD/xhtml1-transitional.dtd">
<html xmlns="http://www.w3.org/1999/xhtml" xml:lang="en" lang="en">
 <head>
  <title>
</title>
<meta http-equiv="Content-Type" content="text/html;charset=utf-8" />
  <meta name='ocr-system' content='tesseract 3.04.00' />
  <meta name='ocr-capabilities' content='ocr_page ocr_carea ocr_par ocr_line ocrx_word'/>
</head>
<body>
  <div class='ocr_page' id='page_1' title='image "./grammaticaeroma01funagoog_0195.png"; bbox 0 0 2422 3840; ppageno 0'>
   <div class='ocr_carea' id='block_1_1' title="bbox 141 152 1004 224">
    <p class='ocr_par' dir='ltr' id='par_1_1' title="bbox 141 152 1004 224">
     <span class='ocr_line' id='line_1_1' title="bbox 141 152 1004 224; baseline -0.002 -15"><span class='ocrx_word' id='word_1_1' title='bbox 141 152 206 217; x_wconf 83' lang='lat'>160</span> <span class='ocrx_word' id='word_1_2' title='bbox 288 152 494 207; x_wconf 81' lang='lat' dir='ltr'>Grammaticae</span> <span class='ocrx_word' id='word_1_3' title='bbox 514 153 615 207; x_wconf 90' lang='lat' dir='ltr'>aetatis</span> <span class='ocrx_word' id='word_1_4' title='bbox 634 153 827 208; x_wconf 85' lang='lat' dir='ltr'>Varronianae</span> <span class='ocrx_word' id='word_1_5' title='bbox 846 154 1004 224; x_wconf 86' lang='lat' dir='ltr'>fragmenta</span> 
     </span>
    </p>
   </div>
   <div class='ocr_carea' id='block_1_2' title="bbox 138 313 1158 652">
    <p class='ocr_par' dir='ltr' id='par_1_2' title="bbox 138 313 1158 652">
     <span class='ocr_line' id='line_1_2' title="bbox 212 313 1157 386; baseline 0.001 -19"><span class='ocrx_word' id='word_1_6' title='bbox 212 316 253 377; x_wconf 80' lang='grc'>14.</span> <span class='ocrx_word' id='word_1_7' title='bbox 277 313 349 368; x_wconf 78' lang='lat' dir='ltr'>Suet.</span> <span class='ocrx_word' id='word_1_8' title='bbox 369 314 441 383; x_wconf 78' lang='grc' dir='ltr'><strong><em>Ακμ.</em></strong></span> <span class='ocrx_word' id='word_1_9' title='bbox 462 318 498 368; x_wconf 89' lang='grc'>94</span> <span class='ocrx_word' id='word_1_10' title='bbox 527 330 582 383; x_wconf 94' lang='lat' dir='ltr'>quo</span> <span class='ocrx_word' id='word_1_11' title='bbox 608 317 692 367; x_wconf 90' lang='lat' dir='ltr'>natus</span> <span class='ocrx_word' id='word_1_12' title='bbox 718 316 761 367; x_wconf 90' lang='lat' dir='ltr'>est</span> <span class='ocrx_word' id='word_1_13' title='bbox 787 313 832 368; x_wconf 91' lang='lat' dir='ltr'>die</span> <span class='ocrx_word' id='word_1_14' title='bbox 859 315 1065 386; x_wconf 78' lang='lat' dir='ltr'>[Octauianus]‚</span> <span class='ocrx_word' id='word_1_15' title='bbox 1092 331 1157 369; x_wconf 88' lang='lat' dir='ltr'>cunr</span> 
     </span>
     <span class='ocr_line' id='line_1_3' title="bbox 140 383 1157 454; baseline 0 -16"><span class='ocrx_word' id='word_1_16' title='bbox 140 386 176 438; x_wconf 89' lang='lat' dir='ltr'>de</span> <span class='ocrx_word' id='word_1_17' title='bbox 185 383 324 438; x_wconf 77' lang='lat' dir='ltr'><strong>Catilinae</strong></span> <span class='ocrx_word' id='word_1_18' title='bbox 338 384 530 438; x_wconf 86' lang='lat' dir='ltr'>coniuratione</span> <span class='ocrx_word' id='word_1_19' title='bbox 545 386 676 454; x_wconf 75' lang='lat' dir='ltr'>ageretur</span> <span class='ocrx_word' id='word_1_20' title='bbox 688 384 719 437; x_wconf 92' lang='lat' dir='ltr'>in</span> <span class='ocrx_word' id='word_1_21' title='bbox 734 385 812 439; x_wconf 86' lang='lat' dir='ltr'>curia</span> <span class='ocrx_word' id='word_1_22' title='bbox 824 387 853 440; x_wconf 91' lang='lat' dir='ltr'>et</span> <span class='ocrx_word' id='word_1_23' title='bbox 863 383 995 439; x_wconf 83' lang='lat' dir='ltr'>Octavius</span> <span class='ocrx_word' id='word_1_24' title='bbox 1011 387 1046 440; x_wconf 90' lang='lat' dir='ltr'>ob</span> <span class='ocrx_word' id='word_1_25' title='bbox 1061 387 1157 440; x_wconf 84' lang='lat' dir='ltr'>uxoris</span> 
     </span>
     <span class='ocr_line' id='line_1_4' title="bbox 139 455 1158 528; baseline 0.001 -19"><span class='ocrx_word' id='word_1_26' title='bbox 139 456 319 525; x_wconf 82' lang='lat' dir='ltr'>puerperium</span> <span class='ocrx_word' id='word_1_27' title='bbox 333 456 422 509; x_wconf 90' lang='lat' dir='ltr'>serius</span> <span class='ocrx_word' id='word_1_28' title='bbox 436 455 582 520; x_wconf 80' lang='lat' dir='ltr'>adfuisset,</span> <span class='ocrx_word' id='word_1_29' title='bbox 597 457 666 508; x_wconf 91' lang='lat' dir='ltr'>nota</span> <span class='ocrx_word' id='word_1_30' title='bbox 680 471 713 509; x_wconf 88' lang='lat' dir='ltr'>ac</span> <span class='ocrx_word' id='word_1_31' title='bbox 722 456 838 525; x_wconf 82' lang='lat' dir='ltr'>vulgata</span> <span class='ocrx_word' id='word_1_32' title='bbox 852 473 895 510; x_wconf 91' lang='lat' dir='ltr'>res</span> <span class='ocrx_word' id='word_1_33' title='bbox 911 459 954 511; x_wconf 90' lang='lat' dir='ltr'>est</span> <span class='ocrx_word' id='word_1_34' title='bbox 968 458 997 510; x_wconf 92' lang='lat' dir='ltr'>P.</span> <span class='ocrx_word' id='word_1_35' title='bbox 1008 457 1158 528; x_wconf 85' lang='lat' dir='ltr'>Nigidium</span> 
     </span>
     <span class='ocr_line' id='line_1_5' title="bbox 138 526 1157 652; baseline 0 -71"><span class='ocrx_word' id='word_1_36' title='bbox 138 530 399 652; x_wconf 55' lang='lat' dir='ltr'>gompertadmorae</span> <span class='ocrx_word' id='word_1_37' title='bbox 418 544 509 651; x_wconf 56' lang='lat' dir='ltr'>capse,</span> <span class='ocrx_word' id='word_1_38' title='bbox 527 528 560 580; x_wconf 93' lang='lat' dir='ltr'>ut</span> <span class='ocrx_word' id='word_1_39' title='bbox 574 526 672 650; x_wconf 57' lang='lat' dir='ltr'>horegn</span> <span class='ocrx_word' id='word_1_40' title='bbox 691 544 801 651; x_wconf 54' lang='lat' dir='ltr'>qutplcplre</span> <span class='ocrx_word' id='word_1_41' title='bbox 819 531 918 597; x_wconf 83' lang='lat' dir='ltr'>partus</span> <span class='ocrx_word' id='word_1_42' title='bbox 938 529 1088 598; x_wconf 78' lang='lat' dir='ltr'>acceperit,</span> <span class='ocrx_word' id='word_1_43' title='bbox 1108 529 1157 582; x_wconf 89' lang='lat' dir='ltr'>ad-</span> 
     </span>
     <span class='ocr_line' id='line_1_6' title="bbox 159 614 789 652; baseline 0.002 -1"><span class='ocrx_word' id='word_1_44' title='bbox 159 615 263 652; x_wconf 80' lang='lat' dir='ltr'>mosse</span> <span class='ocrx_word' id='word_1_45' title='bbox 303 615 428 652; x_wconf 80' lang='lat' dir='ltr'>ominum</span> <span class='ocrx_word' id='word_1_46' title='bbox 460 614 584 652; x_wconf 82' lang='lat' dir='ltr'>arrarum</span> <span class='ocrx_word' id='word_1_47' title='bbox 603 614 633 651; x_wconf 85' lang='lat' dir='ltr'>or</span> <span class='ocrx_word' id='word_1_48' title='bbox 653 616 664 651; x_wconf 93' lang='lat'>1</span> <span class='ocrx_word' id='word_1_49' title='bbox 682 615 719 651; x_wconf 84' lang='lat' dir='ltr'>na</span> <span class='ocrx_word' id='word_1_50' title='bbox 784 642 789 652; x_wconf 91' lang='lat'><em>.</em></span> 
     </span>
    </p>
   </div>
   <div class='ocr_carea' id='block_1_3' title="bbox 212 686 1158 778">
    <p class='ocr_par' dir='ltr' id='par_1_3' title="bbox 212 686 1158 778">
     <span class='ocr_line' id='line_1_7' title="bbox 212 686 1158 778; baseline 0 -37"><span class='ocrx_word' id='word_1_51' title='bbox 212 692 254 742; x_wconf 84' lang='lat'>15.</span> <span class='ocrx_word' id='word_1_52' title='bbox 277 688 350 741; x_wconf 76' lang='lat' dir='ltr'>Gaea.</span> <span class='ocrx_word' id='word_1_53' title='bbox 361 688 419 742; x_wconf 79' lang='lat' dir='ltr'>Dic</span> <span class='ocrx_word' id='word_1_54' title='bbox 428 692 531 753; x_wconf 83' lang='grc'><strong><em>45,1,3</em></strong></span> <span class='ocrx_word' id='word_1_55' title='bbox 545 686 607 755; x_wconf 90' lang='grc' dir='ltr'><strong><em>ἀρτι</em></strong></span> <span class='ocrx_word' id='word_1_56' title='bbox 622 707 651 741; x_wconf 91' lang='grc' dir='ltr'><strong><em>τε</em></strong></span> <span class='ocrx_word' id='word_1_57' title='bbox 666 686 761 750; x_wconf 82' lang='grc' dir='ltr'><strong><em>ὀπαῖς</em></strong></span> <span class='ocrx_word' id='word_1_58' title='bbox 776 688 969 778; x_wconf 74' lang='lat' dir='ltr'>[Octavianus]</span> <span class='ocrx_word' id='word_1_59' title='bbox 986 687 1158 758; x_wconf 79' lang='grc' dir='ltr'><strong><em>ἐγεγόννητο,</em></strong></span> 
     </span>
    </p>
   </div>
   <div class='ocr_carea' id='block_1_4' title="bbox 137 755 1162 1685">
    <p class='ocr_par' dir='ltr' id='par_1_4' title="bbox 137 755 1162 1685">
     <span class='ocr_line' id='line_1_8' title="bbox 140 755 1158 832; baseline 0.002 -20"><span class='ocrx_word' id='word_1_60' title='bbox 140 758 189 812; x_wconf 87' lang='grc' dir='ltr'>καί</span> <span class='ocrx_word' id='word_1_61' title='bbox 203 755 336 828; x_wconf 78' lang='grc' dir='ltr'><strong><em>Νιγίδιος</em></strong></span> <span class='ocrx_word' id='word_1_62' title='bbox 352 755 487 828; x_wconf 81' lang='grc' dir='ltr'><strong><em>Φίγοοίος</em></strong></span> <span class='ocrx_word' id='word_1_63' title='bbox 501 757 650 830; x_wconf 77' lang='grc' dir='ltr'><strong><em>βουλευτής</em></strong></span> <span class='ocrx_word' id='word_1_64' title='bbox 663 767 836 828; x_wconf 79' lang='grc' dir='ltr'><strong><em>παραχρῆμα</em></strong></span> <span class='ocrx_word' id='word_1_65' title='bbox 850 760 925 832; x_wconf 78' lang='grc' dir='ltr'><strong><em>αὐτῷ</em></strong></span> <span class='ocrx_word' id='word_1_66' title='bbox 936 779 986 828; x_wconf 90' lang='grc' dir='ltr'>την</span> <span class='ocrx_word' id='word_1_67' title='bbox 1002 761 1090 825; x_wconf 77' lang='grc' dir='ltr'><strong><em>αὐταρ</em></strong></span> <span class='ocrx_word' id='word_1_68' title='bbox 1109 757 1158 814; x_wconf 90' lang='grc' dir='ltr'>ίαν</span> 
     </span>
     <span class='ocr_line' id='line_1_9' title="bbox 140 781 1158 900; baseline 0.003 -18"><span class='ocrx_word' id='word_1_69' title='bbox 140 829 338 897; x_wconf 76' lang='grc' dir='ltr'><strong><em>ἐμαντεύσατο·</em></strong></span> <span class='ocrx_word' id='word_1_70' title='bbox 365 829 466 897; x_wconf 88' lang='grc' dir='ltr'><strong><em>ἀριστα</em></strong></span> <span class='ocrx_word' id='word_1_71' title='bbox 488 831 541 900; x_wconf 89' lang='grc' dir='ltr'>γάρ</span> <span class='ocrx_word' id='word_1_72' title='bbox 565 838 621 883; x_wconf 85' lang='grc' dir='ltr'>τῶν</span> <span class='ocrx_word' id='word_1_73' title='bbox 645 827 717 884; x_wconf 72' lang='grc' dir='ltr'><strong><em>καθ’</em></strong></span> <span class='ocrx_word' id='word_1_74' title='bbox 738 829 839 884; x_wconf 78' lang='grc' dir='ltr'><strong><em>ἑαυτὸν</em></strong></span> <span class='ocrx_word' id='word_1_75' title='bbox 868 828 919 897; x_wconf 88' lang='grc' dir='ltr'>τήν</span> <span class='ocrx_word' id='word_1_76' title='bbox 942 852 971 885; x_wconf 89' lang='grc' dir='ltr'><strong><em>τε</em></strong></span> <span class='ocrx_word' id='word_1_77' title='bbox 995 839 1045 885; x_wconf 83' lang='grc' dir='ltr'>τοῦ</span> <span class='ocrx_word' id='word_1_78' title='bbox 1067 781 1158 885; x_wconf 79' lang='grc' dir='ltr'><strong><em>πόλον</em></strong></span> 
     </span>
     <span class='ocr_line' id='line_1_10' title="bbox 140 898 1159 971; baseline 0.003 -18"><span class='ocrx_word' id='word_1_79' title='bbox 140 898 325 971; x_wconf 75' lang='grc' dir='ltr'><strong><em>διακόσμησιν</em></strong></span> <span class='ocrx_word' id='word_1_80' title='bbox 339 901 451 965; x_wconf 70' lang='lat' dir='ltr'>nultius</span> <span class='ocrx_word' id='word_1_81' title='bbox 465 910 520 956; x_wconf 86' lang='grc' dir='ltr'>τῶν</span> <span class='ocrx_word' id='word_1_82' title='bbox 534 899 658 968; x_wconf 76' lang='grc' dir='ltr'><strong><em>ἀστέρων</em></strong></span> <span class='ocrx_word' id='word_1_83' title='bbox 672 899 823 969; x_wconf 80' lang='grc' dir='ltr'><strong><em>διαφοράς,</em></strong></span> <span class='ocrx_word' id='word_1_84' title='bbox 841 899 894 956; x_wconf 81' lang='grc' dir='ltr'>ὅσα</span> <span class='ocrx_word' id='word_1_85' title='bbox 903 920 936 957; x_wconf 74' lang='grc' dir='ltr'><strong><em>,τε</em></strong></span> <span class='ocrx_word' id='word_1_86' title='bbox 951 899 1022 956; x_wconf 79' lang='grc' dir='ltr'><strong><em>καθ’</em></strong></span> <span class='ocrx_word' id='word_1_87' title='bbox 1041 901 1159 964; x_wconf 78' lang='grc' dir='ltr'><strong><em>ἑαυτοὺς</em></strong></span> 
     </span>
     <span class='ocr_line' id='line_1_11' title="bbox 140 969 1160 1043; baseline 0.002 -18"><span class='ocrx_word' id='word_1_88' title='bbox 140 969 301 1043; x_wconf 89' lang='grc' dir='ltr'><strong><em>γιγνόμενοι</em></strong></span> <span class='ocrx_word' id='word_1_89' title='bbox 323 973 372 1026; x_wconf 78' lang='grc' dir='ltr'>καὶ</span> <span class='ocrx_word' id='word_1_90' title='bbox 396 970 448 1026; x_wconf 80' lang='grc' dir='ltr'>ὅσα</span> <span class='ocrx_word' id='word_1_91' title='bbox 472 972 672 1043; x_wconf 84' lang='grc' dir='ltr'><strong><em>σομμιγνόντις</em></strong></span> <span class='ocrx_word' id='word_1_92' title='bbox 697 971 824 1038; x_wconf 70' lang='grc' dir='ltr'><strong><em>ἀλλήλοις</em></strong></span> <span class='ocrx_word' id='word_1_93' title='bbox 846 973 877 1028; x_wconf 92' lang='grc' dir='ltr'>ἐν</span> <span class='ocrx_word' id='word_1_94' title='bbox 900 992 929 1027; x_wconf 90' lang='grc' dir='ltr'><strong><em>τε</em></strong></span> <span class='ocrx_word' id='word_1_95' title='bbox 953 982 1014 1036; x_wconf 85' lang='grc' dir='ltr'><strong><em>ταῖς</em></strong></span> <span class='ocrx_word' id='word_1_96' title='bbox 1038 971 1160 1043; x_wconf 76' lang='grc' dir='ltr'><strong><em>ὁμιλίαις</em></strong></span> 
     </span>
     <span class='ocr_line' id='line_1_12' title="bbox 140 1041 1160 1112; baseline 0.002 -16"><span class='ocrx_word' id='word_1_97' title='bbox 140 1043 189 1096; x_wconf 85' lang='grc' dir='ltr'>καί</span> <span class='ocrx_word' id='word_1_98' title='bbox 206 1042 236 1097; x_wconf 92' lang='grc' dir='ltr'>ἐν</span> <span class='ocrx_word' id='word_1_99' title='bbox 249 1052 311 1108; x_wconf 81' lang='grc' dir='ltr'><strong><em>ταῖς</em></strong></span> <span class='ocrx_word' id='word_1_100' title='bbox 325 1042 503 1098; x_wconf 78' lang='grc' dir='ltr'><strong><em>διαστάσεσιν</em></strong></span> <span class='ocrx_word' id='word_1_101' title='bbox 521 1044 695 1110; x_wconf 76' lang='grc' dir='ltr'><strong><em>ἀποτελοῦσι,</em></strong></span> <span class='ocrx_word' id='word_1_102' title='bbox 719 1041 820 1112; x_wconf 81' lang='grc' dir='ltr'><strong><em>διέγνω</em></strong></span> <span class='ocrx_word' id='word_1_103' title='bbox 838 1045 887 1097; x_wconf 82' lang='grc' dir='ltr'>καὶ</span> <span class='ocrx_word' id='word_1_104' title='bbox 911 1044 983 1098; x_wconf 81' lang='grc' dir='ltr'><strong><em>κατὰ</em></strong></span> <span class='ocrx_word' id='word_1_105' title='bbox 1006 1053 1089 1099; x_wconf 81' lang='grc' dir='ltr'><strong><em>τοῦτο</em></strong></span> <span class='ocrx_word' id='word_1_106' title='bbox 1109 1045 1160 1098; x_wconf 81' lang='grc' dir='ltr'>καὶ</span> 
     </span>
     <span class='ocr_line' id='line_1_13' title="bbox 141 1111 1160 1186; baseline 0.003 -19"><span class='ocrx_word' id='word_1_107' title='bbox 141 1112 236 1168; x_wconf 83' lang='grc' dir='ltr'><strong><em>αἰτίαν</em></strong></span> <span class='ocrx_word' id='word_1_108' title='bbox 255 1113 292 1178; x_wconf 81' lang='grc' dir='ltr'>ὥς</span> <span class='ocrx_word' id='word_1_109' title='bbox 309 1135 389 1176; x_wconf 89' lang='grc' dir='ltr'><strong><em>τινας</em></strong></span> <span class='ocrx_word' id='word_1_110' title='bbox 407 1115 584 1185; x_wconf 79' lang='grc' dir='ltr'><strong><em>ἀπορρήτους</em></strong></span> <span class='ocrx_word' id='word_1_111' title='bbox 603 1114 749 1186; x_wconf 84' lang='grc' dir='ltr'><strong><em>διατριβὰς</em></strong></span> <span class='ocrx_word' id='word_1_112' title='bbox 767 1114 936 1185; x_wconf 76' lang='grc' dir='ltr'><strong><em>ποιεόμενος</em></strong></span> <span class='ocrx_word' id='word_1_113' title='bbox 955 1115 1041 1186; x_wconf 80' lang='grc' dir='ltr'><strong><em>ἔσχεν.</em></strong></span> <span class='ocrx_word' id='word_1_114' title='bbox 1077 1111 1160 1177; x_wconf 75' lang='grc' dir='ltr'><strong><em>οὗτος</em></strong></span> 
     </span>
     <span class='ocr_line' id='line_1_14' title="bbox 141 1181 1159 1259; baseline 0.001 -19"><span class='ocrx_word' id='word_1_115' title='bbox 141 1181 192 1240; x_wconf 76' lang='grc' dir='ltr'>οὖν</span> <span class='ocrx_word' id='word_1_116' title='bbox 206 1183 268 1240; x_wconf 88' lang='grc' dir='ltr'><strong><em>τότε</em></strong></span> <span class='ocrx_word' id='word_1_117' title='bbox 286 1186 336 1241; x_wconf 88' lang='grc' dir='ltr'>τόν</span> <span class='ocrx_word' id='word_1_118' title='bbox 349 1183 511 1240; x_wconf 76' lang='grc' dir='ltr'><strong><em>Ὀκταούϊον</em></strong></span> <span class='ocrx_word' id='word_1_119' title='bbox 530 1186 702 1259; x_wconf 83' lang='grc' dir='ltr'><strong><em>βραδύτερον</em></strong></span> <span class='ocrx_word' id='word_1_120' title='bbox 722 1185 750 1246; x_wconf 82' lang='grc' dir='ltr'>ἐς</span> <span class='ocrx_word' id='word_1_121' title='bbox 768 1185 799 1240; x_wconf 88' lang='grc' dir='ltr'>τό</span> <span class='ocrx_word' id='word_1_122' title='bbox 814 1183 963 1254; x_wconf 79' lang='grc' dir='ltr'><strong><em>συνέδριον</em></strong></span> <span class='ocrx_word' id='word_1_123' title='bbox 978 1186 1027 1242; x_wconf 92' lang='grc' dir='ltr'>διά</span> <span class='ocrx_word' id='word_1_124' title='bbox 1044 1184 1093 1242; x_wconf 88' lang='grc' dir='ltr'>τόν</span> <span class='ocrx_word' id='word_1_125' title='bbox 1108 1196 1159 1241; x_wconf 82' lang='grc' dir='ltr'>τοῦ</span> 
     </span>
     <span class='ocr_line' id='line_1_15' title="bbox 139 1253 1160 1330; baseline 0.001 -20"><span class='ocrx_word' id='word_1_126' title='bbox 139 1256 244 1318; x_wconf 84' lang='grc' dir='ltr'><strong><em>παιδός</em></strong></span> <span class='ocrx_word' id='word_1_127' title='bbox 261 1256 346 1312; x_wconf 82' lang='grc' dir='ltr'><strong><em>τόκον</em></strong></span> <span class='ocrx_word' id='word_1_128' title='bbox 366 1257 454 1330; x_wconf 60' lang='lat' dir='ltr'>(leuge</span> <span class='ocrx_word' id='word_1_129' title='bbox 470 1256 523 1327; x_wconf 88' lang='grc' dir='ltr'>γάρ</span> <span class='ocrx_word' id='word_1_130' title='bbox 538 1256 623 1328; x_wconf 77' lang='grc' dir='ltr'><strong><em>βουλή</em></strong></span> <span class='ocrx_word' id='word_1_131' title='bbox 640 1253 721 1326; x_wconf 79' lang='grc' dir='ltr'><strong><em>οὖσα)</em></strong></span> <span class='ocrx_word' id='word_1_132' title='bbox 741 1256 942 1324; x_wconf 79' lang='grc' dir='ltr'><strong><em>ἀπαντήσαντα</em></strong></span> <span class='ocrx_word' id='word_1_133' title='bbox 961 1257 1089 1327; x_wconf 78' lang='grc' dir='ltr'><strong><em>ἀνήρετο,</em></strong></span> <span class='ocrx_word' id='word_1_134' title='bbox 1110 1258 1160 1312; x_wconf 89' lang='grc' dir='ltr'>διά</span> 
     </span>
     <span class='ocr_line' id='line_1_16' title="bbox 140 1325 1160 1401; baseline 0.003 -19"><span class='ocrx_word' id='word_1_135' title='bbox 140 1325 167 1382; x_wconf 93' lang='grc' dir='ltr'>τί</span> <span class='ocrx_word' id='word_1_136' title='bbox 192 1327 339 1400; x_wconf 78' lang='grc' dir='ltr'><strong><em>ἐβράδυνε·</em></strong></span> <span class='ocrx_word' id='word_1_137' title='bbox 368 1330 418 1384; x_wconf 83' lang='grc' dir='ltr'>καί</span> <span class='ocrx_word' id='word_1_138' title='bbox 443 1331 545 1399; x_wconf 78' lang='grc' dir='ltr'><strong><em>μαθὼν</em></strong></span> <span class='ocrx_word' id='word_1_139' title='bbox 570 1327 621 1396; x_wconf 80' lang='grc' dir='ltr'>τήν</span> <span class='ocrx_word' id='word_1_140' title='bbox 644 1325 740 1382; x_wconf 80' lang='grc' dir='ltr'><strong><em>αἰτίαν</em></strong></span> <span class='ocrx_word' id='word_1_141' title='bbox 765 1327 925 1401; x_wconf 85' lang='grc' dir='ltr'><strong><em>ἀνεβόησεν,</em></strong></span> <span class='ocrx_word' id='word_1_142' title='bbox 955 1325 996 1384; x_wconf 86' lang='grc' dir='ltr'><strong><em>ότι</em></strong></span> <span class='ocrx_word' id='word_1_143' title='bbox 1020 1328 1160 1398; x_wconf 83' lang='grc' dir='ltr'><strong><em>δεσπότην</em></strong></span> 
     </span>
     <span class='ocr_line' id='line_1_17' title="bbox 140 1397 1160 1474; baseline 0.001 -21"><span class='ocrx_word' id='word_1_144' title='bbox 140 1399 209 1471; x_wconf 78' lang='grc' dir='ltr'><strong><em>ἡμῖν</em></strong></span> <span class='ocrx_word' id='word_1_145' title='bbox 228 1397 385 1470; x_wconf 73' lang='grc' dir='ltr'><strong><em>ἐγέννησας.</em></strong></span> <span class='ocrx_word' id='word_1_146' title='bbox 423 1401 472 1455; x_wconf 87' lang='grc' dir='ltr'>καί</span> <span class='ocrx_word' id='word_1_147' title='bbox 495 1399 581 1454; x_wconf 75' lang='grc' dir='ltr'><strong><em>αὐτὸν</em></strong></span> <span class='ocrx_word' id='word_1_148' title='bbox 605 1398 815 1469; x_wconf 78' lang='grc' dir='ltr'><strong><em>ἐκταραχθέντα</em></strong></span> <span class='ocrx_word' id='word_1_149' title='bbox 840 1401 888 1454; x_wconf 77' lang='grc' dir='ltr'>ἐπὶ</span> <span class='ocrx_word' id='word_1_150' title='bbox 912 1400 1000 1474; x_wconf 78' lang='grc' dir='ltr'><strong><em>τούτῳ</em></strong></span> <span class='ocrx_word' id='word_1_151' title='bbox 1025 1402 1073 1454; x_wconf 83' lang='grc' dir='ltr'>καὶ</span> <span class='ocrx_word' id='word_1_152' title='bbox 1097 1403 1160 1455; x_wconf 91' lang='grc' dir='ltr'><strong><em>δια-</em></strong></span> 
     </span>
     <span class='ocr_line' id='line_1_18' title="bbox 141 1469 1161 1541; baseline 0.001 -16"><span class='ocrx_word' id='word_1_153' title='bbox 141 1476 263 1540; x_wconf 73' lang='grc' dir='ltr'><strong><em>φθεῖραι</em></strong></span> <span class='ocrx_word' id='word_1_154' title='bbox 286 1473 317 1525; x_wconf 88' lang='grc' dir='ltr'>τὸ</span> <span class='ocrx_word' id='word_1_155' title='bbox 342 1469 458 1526; x_wconf 86' lang='grc' dir='ltr'><strong><em>παιδίον</em></strong></span> <span class='ocrx_word' id='word_1_156' title='bbox 482 1470 656 1538; x_wconf 76' lang='grc' dir='ltr'><strong><em>ἐθελήσαντα</em></strong></span> <span class='ocrx_word' id='word_1_157' title='bbox 683 1469 796 1541; x_wconf 80' lang='grc' dir='ltr'><strong><em>ἐπέσχεν</em></strong></span> <span class='ocrx_word' id='word_1_158' title='bbox 820 1471 914 1538; x_wconf 82' lang='grc' dir='ltr'><strong><em>εἰπών,</em></strong></span> <span class='ocrx_word' id='word_1_159' title='bbox 948 1470 991 1526; x_wconf 83' lang='grc' dir='ltr'><strong><em>ότι</em></strong></span> <span class='ocrx_word' id='word_1_160' title='bbox 1015 1470 1161 1526; x_wconf 74' lang='grc' dir='ltr'><strong><em>ἀδύνατόν</em></strong></span> 
     </span>
     <span class='ocr_line' id='line_1_19' title="bbox 141 1540 1162 1609; baseline 0.001 -13"><span class='ocrx_word' id='word_1_161' title='bbox 141 1544 198 1597; x_wconf 80' lang='grc' dir='ltr'><strong><em>ἐστι</em></strong></span> <span class='ocrx_word' id='word_1_162' title='bbox 207 1540 335 1598; x_wconf 85' lang='grc' dir='ltr'><strong><em>τοιοῦτόν</em></strong></span> <span class='ocrx_word' id='word_1_163' title='bbox 344 1562 369 1596; x_wconf 85' lang='grc' dir='ltr'><strong><em>τι</em></strong></span> <span class='ocrx_word' id='word_1_164' title='bbox 381 1543 449 1597; x_wconf 75' lang='grc' dir='ltr'><strong><em>αὐτὸ</em></strong></span> <span class='ocrx_word' id='word_1_165' title='bbox 460 1547 574 1597; x_wconf 77' lang='grc' dir='ltr'><strong><em>παθεῖν.</em></strong></span> <span class='ocrx_word' id='word_1_166' title='bbox 599 1541 633 1607; x_wconf 76' lang='lat' dir='ltr'>cs.</span> <span class='ocrx_word' id='word_1_167' title='bbox 644 1542 746 1596; x_wconf 78' lang='grc' dir='ltr'><strong><em>Ζοκαν.</em></strong></span> <span class='ocrx_word' id='word_1_168' title='bbox 757 1544 853 1596; x_wconf 78' lang='lat' dir='ltr'>annal.</span> <span class='ocrx_word' id='word_1_169' title='bbox 866 1548 959 1609; x_wconf 79' lang='grc'><strong><em>1013.</em></strong></span> <span class='ocrx_word' id='word_1_170' title='bbox 993 1544 1162 1598; x_wconf 79' lang='grc' dir='ltr'><strong><em>ΟιδνικκεΙ</em></strong></span> 
     </span>
     <span class='ocr_line' id='line_1_20' title="bbox 137 1615 410 1685; baseline -0.015 -14"><span class='ocrx_word' id='word_1_171' title='bbox 137 1633 167 1685; x_wconf 79' lang='lat' dir='ltr'>p.</span> <span class='ocrx_word' id='word_1_172' title='bbox 185 1620 237 1670; x_wconf 87' lang='grc'>301</span> <span class='ocrx_word' id='word_1_173' title='bbox 256 1616 297 1670; x_wconf 82' lang='grc' dir='ltr'><strong><em>ιδ.</em></strong></span> <span class='ocrx_word' id='word_1_174' title='bbox 317 1615 410 1668; x_wconf 80' lang='lat' dir='ltr'>Bono.</span> 
     </span>
    </p>
   </div>
   <div class='ocr_carea' id='block_1_5' title="bbox 214 1721 663 1789">
    <p class='ocr_par' dir='ltr' id='par_1_5' title="bbox 214 1721 663 1789">
     <span class='ocr_line' id='line_1_21' title="bbox 214 1721 663 1789; baseline -0.004 -13"><span class='ocrx_word' id='word_1_175' title='bbox 214 1726 255 1776; x_wconf 87' lang='grc'>16.</span> <span class='ocrx_word' id='word_1_176' title='bbox 276 1722 383 1776; x_wconf 69' lang='lat' dir='ltr'>Lucae</span> <span class='ocrx_word' id='word_1_177' title='bbox 404 1721 502 1775; x_wconf 76' lang='lat' dir='ltr'>Pharo.</span> <span class='ocrx_word' id='word_1_178' title='bbox 523 1727 548 1787; x_wconf 94' lang='grc'>1,</span> <span class='ocrx_word' id='word_1_179' title='bbox 563 1725 617 1776; x_wconf 86' lang='grc'>639</span> <span class='ocrx_word' id='word_1_180' title='bbox 625 1737 663 1789; x_wconf 85' lang='lat' dir='ltr'>eq.</span> 
     </span>
    </p>
   </div>
   <div class='ocr_carea' id='block_1_6' title="bbox 230 1808 1070 2292">
    <p class='ocr_par' dir='ltr' id='par_1_6' title="bbox 231 1808 916 1881">
     <span class='ocr_line' id='line_1_22' title="bbox 231 1808 916 1881; baseline -0.001 -18"><span class='ocrx_word' id='word_1_181' title='bbox 231 1813 261 1863; x_wconf 85' lang='lat' dir='ltr'>at</span> <span class='ocrx_word' id='word_1_182' title='bbox 279 1809 405 1881; x_wconf 83' lang='lat' dir='ltr'>Figulus,</span> <span class='ocrx_word' id='word_1_183' title='bbox 425 1809 470 1863; x_wconf 90' lang='lat' dir='ltr'>cui</span> <span class='ocrx_word' id='word_1_184' title='bbox 489 1826 556 1863; x_wconf 89' lang='lat' dir='ltr'>cura</span> <span class='ocrx_word' id='word_1_185' title='bbox 575 1810 641 1864; x_wconf 89' lang='lat' dir='ltr'>deos</span> <span class='ocrx_word' id='word_1_186' title='bbox 661 1810 824 1877; x_wconf 87' lang='lat' dir='ltr'>secretaque</span> <span class='ocrx_word' id='word_1_187' title='bbox 843 1808 916 1863; x_wconf 86' lang='lat' dir='ltr'>caeli</span> 
     </span>
    </p>

    <p class='ocr_par' dir='ltr' id='par_1_7' title="bbox 230 1879 1070 2020">
     <span class='ocr_line' id='line_1_23' title="bbox 230 1879 1070 1950; baseline -0.004 -15"><span class='ocrx_word' id='word_1_188' title='bbox 230 1896 313 1935; x_wconf 85' lang='lat' dir='ltr'>nosse</span> <span class='ocrx_word' id='word_1_189' title='bbox 336 1881 399 1949; x_wconf 87' lang='lat' dir='ltr'>fuit,</span> <span class='ocrx_word' id='word_1_190' title='bbox 423 1897 507 1950; x_wconf 91' lang='lat' dir='ltr'>quem</span> <span class='ocrx_word' id='word_1_191' title='bbox 525 1898 582 1934; x_wconf 91' lang='lat' dir='ltr'>non</span> <span class='ocrx_word' id='word_1_192' title='bbox 605 1880 750 1935; x_wconf 82' lang='lat' dir='ltr'>stellarum</span> <span class='ocrx_word' id='word_1_193' title='bbox 768 1880 911 1950; x_wconf 82' lang='lat' dir='ltr'>Aegyptia</span> <span class='ocrx_word' id='word_1_194' title='bbox 929 1879 1070 1949; x_wconf 87' lang='lat' dir='ltr'>Memphis</span> 
     </span>
     <span class='ocr_line' id='line_1_24' title="bbox 232 1951 944 2020; baseline -0.003 -14"><span class='ocrx_word' id='word_1_195' title='bbox 232 1954 366 2020; x_wconf 89' lang='lat' dir='ltr'>aequaret</span> <span class='ocrx_word' id='word_1_196' title='bbox 384 1951 446 2006; x_wconf 88' lang='lat' dir='ltr'>visu</span> <span class='ocrx_word' id='word_1_197' title='bbox 464 1952 643 2020; x_wconf 84' lang='lat' dir='ltr'>numerisque</span> <span class='ocrx_word' id='word_1_198' title='bbox 664 1951 840 2006; x_wconf 89' lang='lat' dir='ltr'>moventibus</span> <span class='ocrx_word' id='word_1_199' title='bbox 860 1954 944 2014; x_wconf 79' lang='lat' dir='ltr'>astra,</span> 
     </span>
    </p>

    <p class='ocr_par' dir='ltr' id='par_1_8' title="bbox 230 2022 966 2159">
     <span class='ocr_line' id='line_1_25' title="bbox 231 2022 966 2093; baseline -0.004 -16"><span class='ocrx_word' id='word_1_200' title='bbox 231 2027 281 2078; x_wconf 84' lang='lat' dir='ltr'>aut</span> <span class='ocrx_word' id='word_1_201' title='bbox 298 2023 345 2077; x_wconf 88' lang='lat' dir='ltr'>hic</span> <span class='ocrx_word' id='word_1_202' title='bbox 364 2025 447 2090; x_wconf 88' lang='lat' dir='ltr'>errat,</span> <span class='ocrx_word' id='word_1_203' title='bbox 469 2023 518 2088; x_wconf 85' lang='lat' dir='ltr'>ait,</span> <span class='ocrx_word' id='word_1_204' title='bbox 537 2022 616 2076; x_wconf 86' lang='lat' dir='ltr'>nulla</span> <span class='ocrx_word' id='word_1_205' title='bbox 635 2040 698 2077; x_wconf 92' lang='lat' dir='ltr'>cum</span> <span class='ocrx_word' id='word_1_206' title='bbox 716 2023 779 2093; x_wconf 88' lang='lat' dir='ltr'>lege</span> <span class='ocrx_word' id='word_1_207' title='bbox 797 2040 848 2091; x_wconf 90' lang='lat' dir='ltr'>per</span> <span class='ocrx_word' id='word_1_208' title='bbox 867 2039 966 2076; x_wconf 88' lang='lat' dir='ltr'>aevum</span> 
     </span>
     <span class='ocr_line' id='line_1_26' title="bbox 230 2094 921 2159; baseline -0.003 -11"><span class='ocrx_word' id='word_1_209' title='bbox 230 2095 351 2149; x_wconf 89' lang='lat' dir='ltr'>mundus</span> <span class='ocrx_word' id='word_1_210' title='bbox 371 2097 399 2148; x_wconf 90' lang='lat' dir='ltr'>et</span> <span class='ocrx_word' id='word_1_211' title='bbox 417 2095 523 2149; x_wconf 85' lang='lat' dir='ltr'>incerto</span> <span class='ocrx_word' id='word_1_212' title='bbox 543 2095 704 2148; x_wconf 88' lang='lat' dir='ltr'>discurrunt</span> <span class='ocrx_word' id='word_1_213' title='bbox 723 2094 816 2148; x_wconf 85' lang='lat' dir='ltr'>sidera</span> <span class='ocrx_word' id='word_1_214' title='bbox 834 2097 921 2159; x_wconf 84' lang='lat' dir='ltr'>motu,</span> 
     </span>
    </p>

    <p class='ocr_par' dir='ltr' id='par_1_9' title="bbox 231 2165 929 2292">
     <span class='ocr_line' id='line_1_27' title="bbox 232 2165 929 2236; baseline -0.001 -16"><span class='ocrx_word' id='word_1_215' title='bbox 232 2169 281 2220; x_wconf 87' lang='lat' dir='ltr'>aut</span> <span class='ocrx_word' id='word_1_216' title='bbox 300 2166 324 2218; x_wconf 91' lang='lat' dir='ltr'>si</span> <span class='ocrx_word' id='word_1_217' title='bbox 342 2165 402 2219; x_wconf 84' lang='lat' dir='ltr'>fata</span> <span class='ocrx_word' id='word_1_218' title='bbox 421 2168 541 2229; x_wconf 84' lang='lat' dir='ltr'>movent,</span> <span class='ocrx_word' id='word_1_219' title='bbox 560 2165 623 2219; x_wconf 92' lang='lat' dir='ltr'>urbi</span> <span class='ocrx_word' id='word_1_220' title='bbox 642 2166 793 2236; x_wconf 84' lang='lat' dir='ltr'>generique</span> <span class='ocrx_word' id='word_1_221' title='bbox 811 2167 929 2234; x_wconf 85' lang='lat' dir='ltr'>paratur</span> 
     </span>
     <span class='ocr_line' id='line_1_28' title="bbox 231 2236 569 2292; baseline 0.003 -1"><span class='ocrx_word' id='word_1_222' title='bbox 231 2239 353 2291; x_wconf 90' lang='lat' dir='ltr'>humano</span> <span class='ocrx_word' id='word_1_223' title='bbox 370 2241 482 2290; x_wconf 87' lang='lat' dir='ltr'>matura</span> <span class='ocrx_word' id='word_1_224' title='bbox 501 2236 569 2292; x_wconf 87' lang='lat' dir='ltr'>lues.</span> 
     </span>
    </p>
   </div>
   <div class='ocr_carea' id='block_1_7' title="bbox 141 2323 1161 3321">
    <p class='ocr_par' dir='ltr' id='par_1_10' title="bbox 141 2323 1161 3321">
     <span class='ocr_line' id='line_1_29' title="bbox 214 2323 1160 2392; baseline -0.003 -11"><span class='ocrx_word' id='word_1_225' title='bbox 214 2332 256 2381; x_wconf 81' lang='lat'>17.</span> <span class='ocrx_word' id='word_1_226' title='bbox 281 2327 349 2382; x_wconf 78' lang='lat' dir='ltr'>Geli.</span> <span class='ocrx_word' id='word_1_227' title='bbox 374 2331 562 2392; x_wconf 78' lang='grc'><strong><em>19,14,1-3</em></strong></span> <span class='ocrx_word' id='word_1_228' title='bbox 594 2328 672 2380; x_wconf 86' lang='lat' dir='ltr'>aetas</span> <span class='ocrx_word' id='word_1_229' title='bbox 700 2325 738 2379; x_wconf 89' lang='lat' dir='ltr'>M.</span> <span class='ocrx_word' id='word_1_230' title='bbox 758 2323 899 2380; x_wconf 81' lang='lat' dir='ltr'>Ciceronis</span> <span class='ocrx_word' id='word_1_231' title='bbox 928 2327 956 2379; x_wconf 91' lang='lat' dir='ltr'>et</span> <span class='ocrx_word' id='word_1_232' title='bbox 985 2323 1013 2378; x_wconf 82' lang='grc'>0.</span> <span class='ocrx_word' id='word_1_233' title='bbox 1034 2323 1160 2379; x_wconf 80' lang='lat' dir='ltr'>Caesaris</span> 
     </span>
     <span class='ocr_line' id='line_1_30' title="bbox 142 2397 1160 2468; baseline 0 -18"><span class='ocrx_word' id='word_1_234' title='bbox 142 2399 298 2468; x_wconf 85' lang='lat' dir='ltr'>praestanti</span> <span class='ocrx_word' id='word_1_235' title='bbox 321 2397 455 2451; x_wconf 81' lang='lat' dir='ltr'>facundia</span> <span class='ocrx_word' id='word_1_236' title='bbox 477 2413 582 2466; x_wconf 82' lang='lat' dir='ltr'>peuces</span> <span class='ocrx_word' id='word_1_237' title='bbox 602 2397 710 2462; x_wconf 84' lang='lat' dir='ltr'>habuit,</span> <span class='ocrx_word' id='word_1_238' title='bbox 734 2397 927 2451; x_wconf 76' lang='lat' dir='ltr'>doctrinarum</span> <span class='ocrx_word' id='word_1_239' title='bbox 945 2397 1041 2450; x_wconf 84' lang='lat' dir='ltr'>eutem</span> <span class='ocrx_word' id='word_1_240' title='bbox 1064 2398 1160 2450; x_wconf 88' lang='lat' dir='ltr'>multi-</span> 
     </span>
     <span class='ocr_line' id='line_1_31' title="bbox 143 2467 1161 2536; baseline 0 -14"><span class='ocrx_word' id='word_1_241' title='bbox 143 2469 276 2524; x_wconf 80' lang='lat' dir='ltr'>formium</span> <span class='ocrx_word' id='word_1_242' title='bbox 294 2469 491 2536; x_wconf 83' lang='lat' dir='ltr'>variarumque</span> <span class='ocrx_word' id='word_1_243' title='bbox 515 2469 631 2536; x_wconf 82' lang='lat' dir='ltr'>artium,</span> <span class='ocrx_word' id='word_1_244' title='bbox 664 2467 766 2536; x_wconf 90' lang='lat' dir='ltr'>quibus</span> <span class='ocrx_word' id='word_1_245' title='bbox 792 2467 953 2522; x_wconf 84' lang='lat' dir='ltr'>humanitas</span> <span class='ocrx_word' id='word_1_246' title='bbox 979 2468 1092 2522; x_wconf 84' lang='lat' dir='ltr'>erudita</span> <span class='ocrx_word' id='word_1_247' title='bbox 1111 2472 1161 2536; x_wconf 85' lang='lat' dir='ltr'>est,</span> 
     </span>
     <span class='ocr_line' id='line_1_32' title="bbox 143 2538 1160 2609; baseline -0.001 -14"><span class='ocrx_word' id='word_1_248' title='bbox 143 2541 284 2595; x_wconf 85' lang='lat' dir='ltr'>columina</span> <span class='ocrx_word' id='word_1_249' title='bbox 306 2539 408 2593; x_wconf 85' lang='lat' dir='ltr'>habuit</span> <span class='ocrx_word' id='word_1_250' title='bbox 431 2540 468 2594; x_wconf 92' lang='lat' dir='ltr'>M.</span> <span class='ocrx_word' id='word_1_251' title='bbox 488 2539 643 2594; x_wconf 86' lang='lat' dir='ltr'>Varronem</span> <span class='ocrx_word' id='word_1_252' title='bbox 662 2543 690 2592; x_wconf 85' lang='lat' dir='ltr'>et</span> <span class='ocrx_word' id='word_1_253' title='bbox 708 2539 738 2593; x_wconf 92' lang='lat' dir='ltr'>P.</span> <span class='ocrx_word' id='word_1_254' title='bbox 758 2539 913 2609; x_wconf 86' lang='lat' dir='ltr'>Nigidium.</span> <span class='ocrx_word' id='word_1_255' title='bbox 934 2570 968 2578; x_wconf 94' lang='lat'><em>-</em></span> <span class='ocrx_word' id='word_1_256' title='bbox 987 2538 1160 2608; x_wconf 84' lang='lat' dir='ltr'>Nigidianae</span> 
     </span>
     <span class='ocr_line' id='line_1_33' title="bbox 142 2609 1161 2679; baseline -0.001 -14"><span class='ocrx_word' id='word_1_257' title='bbox 142 2614 237 2666; x_wconf 87' lang='lat' dir='ltr'>eutem</span> <span class='ocrx_word' id='word_1_258' title='bbox 263 2612 511 2665; x_wconf 84' lang='lat' dir='ltr'>commentationes</span> <span class='ocrx_word' id='word_1_259' title='bbox 530 2628 585 2664; x_wconf 91' lang='lat' dir='ltr'>non</span> <span class='ocrx_word' id='word_1_260' title='bbox 609 2610 727 2679; x_wconf 89' lang='lat' dir='ltr'>proinde</span> <span class='ocrx_word' id='word_1_261' title='bbox 750 2611 780 2663; x_wconf 93' lang='lat' dir='ltr'>in</span> <span class='ocrx_word' id='word_1_262' title='bbox 804 2609 901 2679; x_wconf 87' lang='lat' dir='ltr'>volgus</span> <span class='ocrx_word' id='word_1_263' title='bbox 920 2613 1031 2677; x_wconf 84' lang='lat' dir='ltr'>exeunt,</span> <span class='ocrx_word' id='word_1_264' title='bbox 1060 2614 1089 2664; x_wconf 89' lang='lat' dir='ltr'>et</span> <span class='ocrx_word' id='word_1_265' title='bbox 1112 2611 1161 2664; x_wconf 94' lang='lat' dir='ltr'>ob-</span> 
     </span>
     <span class='ocr_line' id='line_1_34' title="bbox 143 2680 1161 2751; baseline -0.002 -14"><span class='ocrx_word' id='word_1_266' title='bbox 143 2683 261 2737; x_wconf 86' lang='lat' dir='ltr'>scuritas</span> <span class='ocrx_word' id='word_1_267' title='bbox 288 2683 488 2751; x_wconf 86' lang='lat' dir='ltr'>subtilitasque</span> <span class='ocrx_word' id='word_1_268' title='bbox 512 2699 607 2736; x_wconf 87' lang='lat' dir='ltr'>earum</span> <span class='ocrx_word' id='word_1_269' title='bbox 631 2684 775 2750; x_wconf 86' lang='lat' dir='ltr'>tamquam</span> <span class='ocrx_word' id='word_1_270' title='bbox 799 2699 899 2751; x_wconf 87' lang='lat' dir='ltr'>parum</span> <span class='ocrx_word' id='word_1_271' title='bbox 921 2681 1000 2734; x_wconf 85' lang='lat' dir='ltr'>utilis</span> <span class='ocrx_word' id='word_1_272' title='bbox 1024 2680 1161 2735; x_wconf 85' lang='lat' dir='ltr'>derelicta</span> 
     </span>
     <span class='ocr_line' id='line_1_35' title="bbox 143 2752 1160 2823; baseline -0.001 -15"><span class='ocrx_word' id='word_1_273' title='bbox 143 2757 193 2808; x_wconf 89' lang='lat' dir='ltr'>est.</span> <span class='ocrx_word' id='word_1_274' title='bbox 235 2759 260 2819; x_wconf 84' lang='lat'>4,</span> <span class='ocrx_word' id='word_1_275' title='bbox 275 2759 332 2820; x_wconf 87' lang='lat'>9,1</span> <span class='ocrx_word' id='word_1_276' title='bbox 359 2754 491 2823; x_wconf 89' lang='lat' dir='ltr'>Nigidius</span> <span class='ocrx_word' id='word_1_277' title='bbox 519 2753 635 2823; x_wconf 81' lang='lat' dir='ltr'>Figulus</span> <span class='ocrx_word' id='word_1_278' title='bbox 662 2754 755 2820; x_wconf 86' lang='lat' dir='ltr'>homo,</span> <span class='ocrx_word' id='word_1_279' title='bbox 783 2756 815 2805; x_wconf 91' lang='lat' dir='ltr'>ut</span> <span class='ocrx_word' id='word_1_280' title='bbox 842 2769 895 2822; x_wconf 88' lang='lat' dir='ltr'>ego</span> <span class='ocrx_word' id='word_1_281' title='bbox 923 2752 1053 2817; x_wconf 80' lang='lat' dir='ltr'>arbitror,</span> <span class='ocrx_word' id='word_1_282' title='bbox 1080 2753 1160 2807; x_wconf 82' lang='lat' dir='ltr'>iuxta</span> 
     </span>
     <span class='ocr_line' id='line_1_36' title="bbox 141 2823 1160 2893; baseline -0.001 -14"><span class='ocrx_word' id='word_1_283' title='bbox 141 2825 179 2879; x_wconf 89' lang='lat' dir='ltr'>M.</span> <span class='ocrx_word' id='word_1_284' title='bbox 194 2825 347 2879; x_wconf 87' lang='lat' dir='ltr'>Varronem</span> <span class='ocrx_word' id='word_1_285' title='bbox 363 2825 543 2879; x_wconf 88' lang='lat' dir='ltr'>doctissimus</span> <span class='ocrx_word' id='word_1_286' title='bbox 575 2829 601 2891; x_wconf 92' lang='grc'>4,</span> <span class='ocrx_word' id='word_1_287' title='bbox 616 2830 659 2891; x_wconf 88' lang='grc'>16,</span> <span class='ocrx_word' id='word_1_288' title='bbox 674 2831 690 2879; x_wconf 88' lang='grc'><strong><em>1</em></strong></span> <span class='ocrx_word' id='word_1_289' title='bbox 705 2825 741 2878; x_wconf 90' lang='grc' dir='ltr'>Μ.</span> <span class='ocrx_word' id='word_1_290' title='bbox 756 2823 911 2878; x_wconf 80' lang='lat' dir='ltr'>Varronem</span> <span class='ocrx_word' id='word_1_291' title='bbox 925 2826 953 2877; x_wconf 90' lang='lat' dir='ltr'>et</span> <span class='ocrx_word' id='word_1_292' title='bbox 967 2823 996 2878; x_wconf 93' lang='lat' dir='ltr'>P.</span> <span class='ocrx_word' id='word_1_293' title='bbox 1011 2823 1160 2893; x_wconf 85' lang='lat' dir='ltr'>Nigidium</span> 
     </span>
     <span class='ocr_line' id='line_1_37' title="bbox 141 2894 1159 2966; baseline -0.001 -17"><span class='ocrx_word' id='word_1_294' title='bbox 141 2896 215 2949; x_wconf 89' lang='lat' dir='ltr'>viros</span> <span class='ocrx_word' id='word_1_295' title='bbox 229 2896 349 2950; x_wconf 85' lang='lat' dir='ltr'>Romani</span> <span class='ocrx_word' id='word_1_296' title='bbox 368 2897 478 2966; x_wconf 89' lang='lat' dir='ltr'>generis</span> <span class='ocrx_word' id='word_1_297' title='bbox 493 2896 669 2950; x_wconf 89' lang='lat' dir='ltr'>doctissimos</span> <span class='ocrx_word' id='word_1_298' title='bbox 702 2901 824 2962; x_wconf 84' lang='lat'><strong><em>10,11,1</em></strong></span> <span class='ocrx_word' id='word_1_299' title='bbox 843 2894 873 2948; x_wconf 93' lang='lat' dir='ltr'>P.</span> <span class='ocrx_word' id='word_1_300' title='bbox 884 2894 1017 2965; x_wconf 90' lang='lat' dir='ltr'>Nigidius</span> <span class='ocrx_word' id='word_1_301' title='bbox 1031 2896 1115 2949; x_wconf 92' lang='lat' dir='ltr'>homo</span> <span class='ocrx_word' id='word_1_302' title='bbox 1130 2896 1159 2948; x_wconf 90' lang='lat' dir='ltr'>in</span> 
     </span>
     <span class='ocr_line' id='line_1_38' title="bbox 143 2965 1159 3037; baseline -0.002 -15"><span class='ocrx_word' id='word_1_303' title='bbox 143 2966 267 3022; x_wconf 87' lang='lat' dir='ltr'>omnium</span> <span class='ocrx_word' id='word_1_304' title='bbox 281 2967 417 3020; x_wconf 89' lang='lat' dir='ltr'>bonarum</span> <span class='ocrx_word' id='word_1_305' title='bbox 427 2966 531 3020; x_wconf 90' lang='lat' dir='ltr'>artium</span> <span class='ocrx_word' id='word_1_306' title='bbox 545 2967 703 3037; x_wconf 88' lang='lat' dir='ltr'>disciplinis</span> <span class='ocrx_word' id='word_1_307' title='bbox 714 2966 843 3036; x_wconf 85' lang='lat' dir='ltr'>egregius</span> <span class='ocrx_word' id='word_1_308' title='bbox 869 2972 965 3032; x_wconf 86' lang='grc'><strong><em>11,11,</em></strong></span> <span class='ocrx_word' id='word_1_309' title='bbox 977 2972 992 3020; x_wconf 91' lang='grc'><strong><em>1</em></strong></span> <span class='ocrx_word' id='word_1_310' title='bbox 1007 2965 1037 3020; x_wconf 92' lang='grc' dir='ltr'>Ρ.</span> <span class='ocrx_word' id='word_1_311' title='bbox 1047 2966 1159 3037; x_wconf 87' lang='lat' dir='ltr'>Nigidii</span> 
     </span>
     <span class='ocr_line' id='line_1_39' title="bbox 142 3036 1159 3107; baseline 0 -15"><span class='ocrx_word' id='word_1_312' title='bbox 142 3037 264 3092; x_wconf 91' lang='lat' dir='ltr'>hominis</span> <span class='ocrx_word' id='word_1_313' title='bbox 274 3038 304 3092; x_wconf 93' lang='lat' dir='ltr'>in</span> <span class='ocrx_word' id='word_1_314' title='bbox 315 3038 417 3092; x_wconf 90' lang='lat' dir='ltr'>studiis</span> <span class='ocrx_word' id='word_1_315' title='bbox 431 3039 569 3092; x_wconf 90' lang='lat' dir='ltr'>bonarum</span> <span class='ocrx_word' id='word_1_316' title='bbox 584 3037 688 3092; x_wconf 88' lang='lat' dir='ltr'>artium</span> <span class='ocrx_word' id='word_1_317' title='bbox 702 3036 908 3107; x_wconf 83' lang='lat' dir='ltr'>praecellentis,</span> <span class='ocrx_word' id='word_1_318' title='bbox 924 3053 1007 3104; x_wconf 90' lang='lat' dir='ltr'>quern</span> <span class='ocrx_word' id='word_1_319' title='bbox 1017 3036 1054 3090; x_wconf 91' lang='lat' dir='ltr'>M.</span> <span class='ocrx_word' id='word_1_320' title='bbox 1063 3037 1159 3092; x_wconf 85' lang='lat' dir='ltr'>Cicero</span> 
     </span>
     <span class='ocr_line' id='line_1_40' title="bbox 141 3108 1158 3249; baseline -0.001 -14"><span class='ocrx_word' id='word_1_321' title='bbox 141 3108 1158 3249; x_wconf 50' lang='lat' dir='ltr'>itti·ittttttttdtdtitdtt§dimittititt</span> 
     </span>
     <span class='ocr_line' id='line_1_41' title="bbox 142 3199 1158 3321; baseline -0.002 -15"><span class='ocrx_word' id='word_1_322' title='bbox 142 3199 326 3306; x_wconf 54' lang='grc' dir='ltr'><strong><em>εεοδίίιέεείσιί</em></strong></span> <span class='ocrx_word' id='word_1_323' title='bbox 360 3257 403 3318; x_wconf 85' lang='grc'>17,</span> <span class='ocrx_word' id='word_1_324' title='bbox 414 3258 443 3317; x_wconf 71' lang='lat' dir='ltr'>t,</span> <span class='ocrx_word' id='word_1_325' title='bbox 457 3257 475 3305; x_wconf 88' lang='grc'><strong><em>4</em></strong></span> <span class='ocrx_word' id='word_1_326' title='bbox 493 3251 522 3304; x_wconf 93' lang='grc' dir='ltr'>Ρ.</span> <span class='ocrx_word' id='word_1_327' title='bbox 533 3251 667 3321; x_wconf 90' lang='lat' dir='ltr'>Nigidius</span> <span class='ocrx_word' id='word_1_328' title='bbox 682 3222 805 3305; x_wconf 66' lang='lat' dir='ltr'>civititii</span> <span class='ocrx_word' id='word_1_329' title='bbox 818 3251 962 3304; x_wconf 82' lang='lat' dir='ltr'>Romanae</span> <span class='ocrx_word' id='word_1_330' title='bbox 978 3250 1158 3306; x_wconf 88' lang='lat' dir='ltr'>doctissimus</span> 
     </span>
    </p>
   </div>
   <div class='ocr_carea' id='block_1_8' title="bbox 140 3325 368 3391">
    <p class='ocr_par' dir='ltr' id='par_1_11' title="bbox 140 3325 368 3391">
     <span class='ocr_line' id='line_1_42' title="bbox 140 3325 368 3391; baseline -0.009 -11"><span class='ocrx_word' id='word_1_331' title='bbox 140 3325 176 3391; x_wconf 78' lang='lat' dir='ltr'>cs.</span> <span class='ocrx_word' id='word_1_332' title='bbox 196 3329 252 3379; x_wconf 78' lang='lat' dir='ltr'>test.</span> <span class='ocrx_word' id='word_1_333' title='bbox 271 3329 297 3379; x_wconf 83' lang='lat'>4.</span> <span class='ocrx_word' id='word_1_334' title='bbox 325 3328 368 3380; x_wconf 84' lang='lat'>10.</span> 
     </span>
    </p>
   </div>
   <div class='ocr_carea' id='block_1_9' title="bbox 132 3410 1159 3625">
    <p class='ocr_par' dir='ltr' id='par_1_12' title="bbox 132 3410 1159 3625">
     <span class='ocr_line' id='line_1_43' title="bbox 215 3410 1159 3482; baseline -0.003 -15"><span class='ocrx_word' id='word_1_335' title='bbox 215 3417 259 3467; x_wconf 88' lang='grc'>18.</span> <span class='ocrx_word' id='word_1_336' title='bbox 278 3413 351 3467; x_wconf 81' lang='lat' dir='ltr'>Sere.</span> <span class='ocrx_word' id='word_1_337' title='bbox 380 3412 448 3466; x_wconf 83' lang='grc' dir='ltr'><strong><em>Αικ.</em></strong></span> <span class='ocrx_word' id='word_1_338' title='bbox 479 3415 590 3478; x_wconf 84' lang='lat'><strong><em>10,175</em></strong></span> <span class='ocrx_word' id='word_1_339' title='bbox 620 3410 753 3481; x_wconf 87' lang='lat' dir='ltr'>Nigidius</span> <span class='ocrx_word' id='word_1_340' title='bbox 786 3412 880 3464; x_wconf 85' lang='lat' dir='ltr'>autem</span> <span class='ocrx_word' id='word_1_341' title='bbox 912 3410 987 3464; x_wconf 88' lang='lat' dir='ltr'>solus</span> <span class='ocrx_word' id='word_1_342' title='bbox 1020 3413 1063 3465; x_wconf 88' lang='lat' dir='ltr'>cst</span> <span class='ocrx_word' id='word_1_343' title='bbox 1094 3414 1159 3482; x_wconf 89' lang='lat' dir='ltr'>post</span> 
     </span>
     <span class='ocr_line' id='line_1_44' title="bbox 142 3481 1158 3552; baseline -0.001 -16"><span class='ocrx_word' id='word_1_344' title='bbox 142 3483 305 3550; x_wconf 81' lang='lat' dir='ltr'>Varronem,</span> <span class='ocrx_word' id='word_1_345' title='bbox 333 3483 401 3538; x_wconf 84' lang='lat' dir='ltr'>lieet</span> <span class='ocrx_word' id='word_1_346' title='bbox 418 3483 507 3537; x_wconf 86' lang='lat' dir='ltr'>Varro</span> <span class='ocrx_word' id='word_1_347' title='bbox 534 3481 689 3551; x_wconf 88' lang='lat' dir='ltr'>praecellat</span> <span class='ocrx_word' id='word_1_348' title='bbox 716 3482 746 3535; x_wconf 93' lang='lat' dir='ltr'>in</span> <span class='ocrx_word' id='word_1_349' title='bbox 773 3481 927 3552; x_wconf 82' lang='lat' dir='ltr'>theologia,</span> <span class='ocrx_word' id='word_1_350' title='bbox 954 3481 1001 3535; x_wconf 89' lang='lat' dir='ltr'>hic</span> <span class='ocrx_word' id='word_1_351' title='bbox 1028 3481 1059 3536; x_wconf 92' lang='lat' dir='ltr'>in</span> <span class='ocrx_word' id='word_1_352' title='bbox 1085 3499 1158 3537; x_wconf 87' lang='lat' dir='ltr'>eom·</span> 
     </span>
     <span class='ocr_line' id='line_1_45' title="bbox 132 3553 996 3625; baseline 0.005 -23"><span class='ocrx_word' id='word_1_353' title='bbox 132 3554 267 3606; x_wconf 80' lang='lat' dir='ltr'>munibus</span> <span class='ocrx_word' id='word_1_354' title='bbox 283 3555 406 3623; x_wconf 64' lang='lat' dir='ltr'>littoria·</span> <span class='ocrx_word' id='word_1_355' title='bbox 424 3571 491 3609; x_wconf 88' lang='lat' dir='ltr'>nam</span> <span class='ocrx_word' id='word_1_356' title='bbox 512 3557 631 3625; x_wconf 89' lang='lat' dir='ltr'>uterque</span> <span class='ocrx_word' id='word_1_357' title='bbox 648 3555 800 3622; x_wconf 86' lang='lat' dir='ltr'>utrumque</span> <span class='ocrx_word' id='word_1_358' title='bbox 817 3553 996 3622; x_wconf 84' lang='lat' dir='ltr'>scripserunt.</span> 
     </span>
    </p>
   </div>
   <div class='ocr_carea' id='block_1_10' title="bbox 0 0 1217 3840">
    <p class='ocr_par' dir='ltr' id='par_1_13' title="bbox 0 0 1217 3840">
     <span class='ocr_line' id='line_1_46' title="bbox 0 0 1217 3840; baseline 0 0"><span class='ocrx_word' id='word_1_359' title='bbox 0 0 1217 3840; x_wconf 95' lang='lat' dir='ltr'> </span> 
     </span>
    </p>
   </div>
  </div>
 </body>
</html>
