2422 3840
417 918 771 1005 GRAMMATICI

298 1145 334 1219 O.
363 1144 605 1218 OCTAVIUS
633 1145 894 1218 LAMPADIO

429 1319 468 1384 A.
491 1318 760 1385 TESTIMONIA

83 1408 197 1463 VITAE

158 1521 183 1570 1.
202 1517 278 1585 oripo
296 1514 507 1581 Lampadionis,
526 1519 557 1566 ut
571 1514 701 1567 Archelai
718 1520 743 1568 et
757 1514 917 1581 Philocomi,
936 1516 1104 1583 incomperta

84 1594 132 1642 est.
169 1587 195 1641 si
217 1587 290 1641 enim
311 1586 342 1638 hi
364 1602 424 1638 uno
446 1602 507 1638 cura
528 1585 694 1653 Varpunteio
722 1585 831 1639 ‘nostri'
859 1603 877 1638 a
896 1585 1025 1641 Suetonio
1047 1589 1103 1640 siae

90 1660 213 1713 Varrone
232 1658 274 1728 (de
291 1674 405 1726 pramm.
424 1658 453 1725 2)
472 1663 613 1721 uocantur,
634 1657 767 1723 quomodo
785 1657 850 1710 haec
868 1657 1049 1726 intellependa
1066 1659 1105 1712 sit

84 1731 244 1798 appellatio,
269 1745 361 1782 uerene
380 1729 545 1796 proprieque
562 1744 616 1796 pro
635 1728 771 1782 Romanis
794 1745 832 1781 an
850 1728 1029 1797 semipraecis,
1055 1729 1104 1797 qui

84 1801 191 1855 Romae
217 1800 333 1854 Cratetis
360 1799 475 1868 oestipr‘a
499 1799 656 1867 presserint,
684 1800 761 1853 haud
788 1799 879 1867 liquet.
917 1806 985 1854 certe
1011 1807 1103 1855 tamen

80 1874 170 1941 paulo
186 1878 250 1925 ante
266 1869 413 1925 Suetonius
428 1871 460 1922 in
474 1870 556 1923 Liuio
571 1870 719 1937 Ennioque
734 1871 871 1938 posterius
889 1887 986 1924 nomen
1005 1872 1103 1926 diserte

83 1950 211 2011 usurpat.
230 1943 265 2007 cf.
281 1942 427 2007 Hillscher,
450 1941 545 1994 Flech.
564 1941 677 1994 Jahrbb.
697 1943 786 2011 suppl.
807 1946 851 1994 18,
872 1945 947 1996 1892
960 1959 990 2010 p.
1007 1946 1060 1998 364
1079 1949 1104 1997 et

83 2021 182 2069 contra
200 2014 264 2078 Leo,
285 2013 329 2065 Pl.
344 2012 379 2065 F.
393 2029 420 2080 p.
435 2015 473 2065 29
492 2012 557 2066 adn.
578 2016 602 2065 3.
633 2012 666 2065 de
684 2014 841 2067 Philocomo
860 2015 942 2066 etiam
961 2013 1021 2066 Val.
1043 2015 1102 2069 Cat.

83 2093 142 2141 test.
163 2089 181 2138 8
200 2091 225 2139 ot
242 2084 333 2138 [nicil.
352 2084 388 2149 fr.
404 2088 447 2137 36.

156 2160 183 2209 2.
198 2155 417 2223 Lampadionem
428 2157 539 2208 tueuute
550 2155 605 2220 fere
617 2154 802 2208 Gracchorum
812 2162 899 2209 aetate
915 2159 952 2221 (a.
964 2157 1103 2228 alopen),

83 2229 239 2283 autetiam
263 2227 437 2294 aliquantam
460 2227 588 2293 temporis
610 2234 704 2294 antea,
723 2227 843 2288 ¹clarum
867 2228 999 2293 extitisse,
1027 2230 1105 2281 sica
1148 2286 1150 2289 ,

83 2300 216 2355 Suetonio
238 2297 325 2366 (roto.)
350 2313 382 2350 ae
405 2297 546 2351 Frontone
570 2300 635 2366 (test.
655 2300 691 2367 4.)
716 2299 876 2366 callipimus,
901 2298 978 2368 lonpe
1001 2317 1019 2351 a
1042 2314 1103 2352 oero

82 2387 142 2425 non
173 2370 360 2423 aberrabimus
388 2369 558 2435 (Buecheler,
581 2369 634 2422 Ith.
665 2371 739 2422 Mus.
760 2373 808 2435 40,
832 2372 905 2437 148).
942 2370 1019 2423 hand
1036 2376 1104 2423 reete

83 2441 178 2511 Berph
191 2457 234 2509 op.
250 2445 275 2506 1,
295 2443 349 2492 603
368 2440 432 2493 adn.

83 2545 318 2602 SCRIPTORUM

157 2641 183 2690 3.
216 2635 288 2689 Suet.
314 2635 347 2688 de
371 2652 411 2704 pr.
435 2638 454 2688 2
487 2637 530 2702 (ea
559 2635 692 2704 Varrone)
730 2635 758 2689 Ο.
784 2635 916 2689 Octavius
947 2635 1103 2703 Lampadio

82 2709 264 2780 [dilipentius
290 2708 449 2760 retractavit
475 2723 508 2760 ac
536 2707 645 2776 lepcncla
675 2707 931 2775 commentandoque
960 2713 985 2760 ct
1011 2709 1104 2761 ceteris

82 2787 179 2834 notum
201 2777 282 2846 fecit]
305 2775 407 2829 Naevii
425 2776 562 2830 Punicum
585 2777 704 2842 bellum,
734 2779 809 2846 quod
832 2795 888 2831 uno
907 2777 1051 2830 volumine
1075 2780 1104 2830 et

83 2849 244 2904 continenti
263 2847 402 2916 scriptura
421 2848 579 2916 expositum
598 2849 696 2902 divisit
714 2849 744 2901 in
763 2852 871 2917 septem
889 2847 984 2903 libros.

157 2923 189 2975 de
202 2921 286 2974 huius
300 2920 430 2973 librorum
444 2920 589 2974 divisionis
602 2920 661 2985 fato
676 2921 709 2986 cf.
721 2921 826 2975 Santra
839 2921 875 2986 fr.
887 2924 904 2974 5
917 2927 943 2974 et
956 2921 1104 2975 Buecheler

82 2994 151 3048 ibid.
172 2995 234 3058 149,
259 2993 308 3059 qui
330 3007 389 3044 eam
411 2991 475 3045 inde
499 2998 607 3046 tantum
630 3009 648 3044 a
673 2992 843 3047 Caesariana
867 2999 954 3046 aetate
977 3010 995 3045 a
1018 2991 1104 3046 doctis

82 3064 239 3118 hominihus
256 3068 388 3129 receptam
407 3079 461 3116 esse
479 3063 679 3117 demonstrarit.

157 3141 182 3189 4.
208 3135 316 3188 Fronto
337 3150 366 3200 p.
381 3138 419 3187 20
437 3135 475 3187 Ν.
514 3134 590 3186 conti
611 3135 666 3187 isse
692 3134 762 3202 quid
787 3133 845 3187 tale
871 3134 907 3187 M.
928 3132 1027 3187 Porcio
1054 3135 1104 3185 aut

84 3206 189 3271 Quinto
209 3205 313 3271 Ennio,
332 3201 359 3257 C.
376 3203 502 3258 Graccho
522 3206 572 3256 ant
590 3152 664 3258 Titio
684 3207 802 3274 poetae?
821 3205 891 3272 quid
910 3204 1035 3273 Scipioni
1055 3205 1105 3257 ant

83 3277 253 3330 Numidico?
286 3274 354 3343 quid
372 3274 410 3327 M.
430 3274 522 3329 TuMio
541 3274 600 3329 tale
619 3294 671 3328 usu
691 3277 785 3330 venit?
817 3293 937 3344 quorum
956 3274 1023 3328 libii
1041 3290 1104 3343 pie-

82 3349 212 3402 tioeioree
234 3346 375 3400 habentur
397 3347 426 3399 et
450 3363 588 3401 summam
611 3346 731 3416 gloriam
752 3347 888 3411 retinent,
914 3347 938 3399 ai
957 3348 1024 3400 sunt
1042 3345 1102 3416 (a)

83 3419 275 3488 Lampadione
283 3419 333 3471 aut
341 3416 467 3471 Staberio
479 3422 528 3471 aut
539 3461 544 3471 .
557 3461 562 3472 .
575 3461 580 3470 .
593 3420 636 3472 .vi
647 3421 696 3472 aut
708 3463 712 3472 .
725 3461 730 3471 .
743 3461 748 3473 .
761 3462 766 3471 .
778 3417 916 3471 autAelio
928 3457 1042 3471 .......
1053 3419 1104 3470 ant
1132 3427 1146 3465 a

82 3491 180 3545 Attico
195 3489 371 3558 authpote.
401 3505 464 3542 mea
479 3490 567 3543 oratio
582 3490 691 3544 extabit
700 3491 738 3545 M.
749 3489 881 3545 Caenina
891 3506 986 3543 mann
998 3487 1123 3553 animm..
