2422 3840
119 179 185 242 472
285 178 491 233 Grammaticos
510 179 611 233 aetatis
629 180 791 250 Augusteae
810 179 970 249 fragmenta

119 340 170 393 ubi
186 340 267 393 uerbo
281 341 443 408 praesertim
456 356 537 394 sacro
551 341 693 394 illustrato
706 343 770 394 simt.
794 356 891 394 caveus
904 346 994 393 tameo
1007 357 1041 393 me
1054 340 1136 393 illum

119 411 151 464 im
169 412 248 465 libres
265 428 418 477 sacrorum,
447 428 513 480 qmos
531 413 630 466 Festus
652 418 839 466 commemorat
857 413 902 478 (fr.
918 413 976 480 11),
1002 428 1136 478 qmamos;

120 483 161 536 alti
178 483 250 535 em'm
269 482 352 536 libros
366 483 533 550 pontificios,
551 500 608 537 mom
624 483 726 538 Cloatii
744 485 949 537 commmtam'os
966 483 1137 551 sicmtficatos

120 569 183 618 esse,
201 554 309 608 collatis
327 554 393 608 locis
410 554 489 609 Festi
503 571 533 623 p.
556 557 636 621 165⁶,
651 559 675 608 3.
700 557 758 609 286
765 558 785 620 ὁ,
800 559 842 608 17.
867 558 922 609 360
929 558 949 619 ⁶,
965 557 1000 607 17
1023 555 1138 608 RPeter

120 625 237 678 ostendit
259 627 370 693 (quaest.
389 625 493 694 pontis.
519 628 651 692 specimen
672 642 704 694 p.
727 627 763 694 6).
801 625 835 690 cf.
860 627 942 680 etium
962 625 1035 679 Sero.
1055 626 1134 679 Dum.

119 696 188 750 Aen.
205 700 230 761 3,
243 700 308 751 287.
328 699 355 763 9,
369 700 432 750 406.
470 695 528 751 boc.
545 700 571 763 7,
586 700 628 750 31.

569 878 609 931 11
636 867 685 953 [3]

188 995 321 1057 Cloatius
345 1001 375 1057 et
397 998 501 1057 Aelius
533 992 584 1077 [fr.
607 992 662 1076 62]
690 999 723 1056 in
749 997 835 1056 libris
862 1016 1012 1057 sacrorum
1041 998 1137 1056 molu-

120 1104 202 1144 crum
233 1105 295 1146 assa
328 1089 414 1146 aiunt
444 1088 561 1164 lignum
594 1087 743 1162 quoddam
773 1087 966 1162 quadratum,
999 1085 1051 1145 ubi
1080 1088 1137 1143 im-

119 1176 258 1234 molatur.

191 1284 264 1337 Fest.
280 1300 310 1352 p.
326 1287 406 1350 14101,
420 1287 456 1336 25
481 1296 580 1337 cloatius
598 1315 625 1321 —
642 1297 782 1348 immolatum
808 1281 884 1336 idem
906 1282 1004 1336 Aelius
1028 1283 1076 1353 [fr.
1096 1283 1136 1353 2}

119 1353 250 1407 Aurelius
275 1353 384 1422 Opillus
411 1354 458 1424 [se.
475 1354 512 1426 7].
550 1355 585 1421 cf.
609 1355 953 1422 Paul.Fest.p.140,9.
991 1354 1057 1408 adm.
1077 1357 1137 1408 crit.

120 1425 157 1479 od
176 1426 235 1479 Aet.
254 1424 316 1481 Stil.
336 1427 371 1492 fr.
388 1430 431 1480 62.

568 1561 611 1618 12
634 1553 683 1638 [4]

179 1651 315 1742 *Obscum
328 1714 361 1723 -
375 1679 510 1741 Cloatius
524 1686 612 1758 putat
627 1702 660 1742 ao
675 1684 820 1743 vocabulo
835 1681 997 1759 significari
1010 1700 1140 1757 sacrum,

121 1791 179 1846 quo
203 1773 296 1830 otiam
318 1773 399 1848 loges
423 1773 557 1830 sacratae
580 1772 719 1831 obscatae
744 1773 888 1831 dicantur.

191 1880 265 1933 Fut.
279 1882 447 1946 p.189⁰,24
470 1891 566 1933 obscum
585 1879 656 1932 duas
678 1879 803 1934 divorsas
822 1878 850 1932 et
870 1877 1025 1932 contrarias
1049 1877 1139 1948 signi-

120 1949 266 2003 ficationes
292 1949 386 2003 habet.
424 1966 490 2002 nam
516 1963 614 2005 cloatius
634 1983 661 1990 —
681 1965 789 2005 dieantur.
828 1952 857 2003 ct
879 1949 909 2002 in
931 1948 1060 2002 omnibus
1079 1951 1139 2003 l'ero

120 2021 244 2087 antiquis
259 2020 468 2075 commentariis
487 2021 620 2074 scribitur
634 2021 754 2090 Opicum
772 2038 823 2090 pro
838 2020 938 2086 Obsco,
956 2021 989 2073 ut
1003 2019 1033 2071 in
1047 2020 1139 2074 Titini

120 2091 218 2145 fabula
238 2091 341 2156 Quinto
361 2092 601 2163 [o.1041ttoo.³]:
623 2094 684 2161 ‘qui
703 2093 786 2148 obsce
805 2094 834 2145 ct
851 2091 944 2146 volsce
962 2090 1139 2159 fabulantur,

119 2179 186 2215 nam
208 2163 299 2218 latino
321 2163 470 2216 nesciunt?
517 2179 534 2216 a
558 2180 612 2232 quo
637 2165 724 2218 stiam
748 2164 834 2218 verba
859 2163 1036 2231 impudentia
1061 2163 1140 2217 olata

121 2234 302 2302 appellantur
320 2235 449 2302 obscena,
469 2234 536 2303 quia
555 2235 797 2304 frequentissimus
816 2234 872 2287 fuit
889 2251 956 2287 usus
974 2232 1053 2286 Oscis
1072 2234 1138 2287 libi-

121 2305 218 2358 dinum
242 2322 413 2374 spurcarum.
452 2306 501 2359 sed
521 2306 619 2360 eodem
643 2307 729 2361 etiam
747 2307 860 2360 nomino
879 2304 1040 2374 appellatur
1058 2304 1139 2359 locus

120 2376 150 2429 in
175 2393 244 2445 agro
263 2377 389 2443 Veienti,
416 2393 471 2445 quo
497 2377 554 2430 frui
580 2378 656 2432 soliti
681 2379 839 2446 produntun
864 2392 983 2446 auguros
1006 2376 1138 2430 Romani.

119 2450 154 2515 cf.
175 2449 257 2502 Paul.
277 2449 350 2502 Fest.
368 2465 396 2517 p.
412 2452 475 2515 188,
491 2453 514 2502 1.
543 2450 616 2504 Fest.
631 2467 662 2519 p.
679 2454 758 2516 1980,
772 2454 816 2504 29.
849 2450 1040 2514 Reitzenstein,
1062 2450 1138 2504 Vere.

121 2520 233 2574 Forsct.
244 2536 274 2588 p.
292 2523 335 2573 77.
356 2524 392 2573 78
403 2520 469 2573 adm.

192 2649 207 2695 2
228 2658 323 2696 sacrae
342 2643 399 2697 cod.

569 2771 611 2827 13
636 2763 683 2847 [a]

187 2890 331 2949 obstitum
355 2890 489 2951 Cloatius
513 2895 544 2950 et
566 2893 669 2952 Aelius
693 2892 769 2953 Stilo
799 2889 850 2974 [fr.
870 2887 928 2972 25]
960 2912 1022 2953 esso
1051 2898 1140 2955 aiunt

119 2979 264 3037 violatum
289 2982 493 3055 attactumqua
518 2980 553 3040 de
577 2984 666 3041 caelo.

190 3087 221 3140 F
220 3094 264 3141 est.
281 3104 310 3154 p.
326 3092 406 3153 193⁰,
421 3092 438 3141 4
456 3102 562 3142 obstitum
581 3121 607 3129 —
625 3105 698 3154 caslo;
719 3089 830 3143 Cincius
851 3091 897 3162 [fr
912 3092 969 3162 24].

569 3269 608 3322 14
635 3261 683 3346 [5]

181 3387 347 3464 piacularis
365 3391 454 3466 porta
474 3390 644 3465 appellatur
663 3423 705 3431 -
725 3387 855 3470 (quod),
873 3395 909 3450 ut
928 3395 972 3450 ait
990 3391 1138 3469 Cloatius,

101 3492 171 3535 cuin
202 3498 242 3539 ox
269 3480 355 3544 facto
388 3502 446 3563 per
477 3482 611 3563 aliquem
644 3481 765 3560 piaculo
796 3483 934 3555 solutu„
959 3482 1004 3540 ihi
1033 3484 1139 3560 aliqua

84 3564 197 3629 aiendi
217 3578 489 3660 propitiandique
513 3597 611 3642 causa
634 3573 848 3637 immolantuu.
