2422 3840
455 150 492 204 M.
511 149 658 204 Terentius
676 148 765 203 Varro
1051 148 1114 213 327

573 321 638 377 318

168 423 258 487 ‘enno
278 429 397 487 demum
416 429 522 502 quinto
542 428 573 485 et
594 421 788 503 sexagesimo'
813 427 886 484 haec
904 428 987 484 setas
1007 427 1059 498 est,
1082 427 1117 482 ut

99 520 197 578 Varro
220 519 274 592 sit,
297 518 388 576 etiam
411 516 591 575 comicorum
614 534 726 574 senum.

171 618 246 671 Don.
261 617 319 671 Ter.
335 617 441 684 adelph.
452 619 478 681 5,
489 619 516 681 8,
527 613 580 668 15Β
598 640 657 668 anno
667 646 694 653 -
703 639 787 668 sanum.
807 615 841 680 cf.
857 615 894 668 id.
910 631 969 668 cua.
981 611 1116 680 2,1‚25⁸.

100 822 150 876 Du
170 819 377 876 GENERIBUS
396 819 634 873 LITTERARUM

209 926 395 982 ORATIONE
419 925 559 980 SOLUTA
582 925 739 980 scalpris

574 1044 638 1100 319

166 1168 255 1226 prosa
275 1153 319 1209 est
341 1149 486 1225 producte
510 1151 607 1208 oratio
627 1150 727 1227 alege
751 1150 840 1207 metn'
862 1149 973 1222 soluta3
996 1167 1117 1224 prosum

101 1240 181 1299 enirn
213 1239 331 1314 antiqui
363 1238 543 1314 productum
575 1238 713 1298 dicebant
745 1242 775 1298 et
803 1240 931 1313 rectum3
965 1237 1043 1295 unde
1074 1240 1117 1296 ait

100 1329 197 1387 Varro
217 1328 296 1407 apud
315 1327 457 1386 Plautum
476 1323 583 1402 ‘prosis
602 1323 700 1386 lectis'
720 1327 881 1405 significari
903 1327 1001 1386 rectis.
1038 1327 1116 1386 unde

101 1418 194 1478 etiam
208 1421 284 1494 qu'ae
304 1437 362 1476 non
382 1418 428 1474 est
446 1417 575 1491 perflexa
593 1436 715 1476 numero
734 1417 784 1476 sed
803 1418 894 1490 recta,
912 1435 1001 1492 prosa
1020 1418 1117 1475 oratio

102 1508 221 1582 dicitiu,
252 1506 285 1565 in
316 1509 431 1565 rectum
463 1506 660 1581 producendo.
685 1540 725 1546 —
754 1509 910 1582 praeterea
941 1509 1004 1564 tam
1037 1506 1117 1581 apud
1145 1527 1157 1567 o

103 1596 230 1656 Graecos
246 1615 336 1671 quam
352 1596 430 1670 apud
444 1595 568 1654 Latinos
588 1595 675 1673 longe
695 1595 897 1671 antiquiorem
911 1613 1011 1653 curam
1025 1595 1117 1654 fuisse

101 1685 266 1744 carminum
285 1703 376 1761 quam
396 1703 516 1760 prosae3
541 1687 641 1743 omnia
661 1686 739 1744 enim
758 1684 840 1759 prius
859 1684 993 1743 versibus
1012 1684 1117 1743 conde-

101 1775 221 1849 bantur,
247 1792 353 1850 prosae
377 1776 477 1833 autem
501 1774 633 1832 studium
657 1793 721 1833 sero
744 1775 850 1851 viguit.
896 1775 1010 1849 primus
1038 1773 1118 1848 apud

103 1863 230 1923 Graecos
259 1863 443 1938 Pherecydes
468 1862 560 1938 Syrus
588 1863 687 1922 soluta
715 1864 848 1921 oratione
877 1863 1008 1937 scripsit,
1038 1862 1118 1941 apud

101 1954 251 2012 Romanos
272 1956 372 2011 autem
391 1952 507 2028 Appius
528 1951 639 2010 Caecus
662 1952 802 2011 adversus
821 1951 969 2027 Pyrrhum
988 1952 1117 2010 solutam
1132 1973 1158 2012 10

99 2044 264 2101 orationem
292 2043 406 2117 primus
435 2043 573 2100 exercuit.
619 2043 680 2099 iam
708 2042 813 2100 exhinc
837 2043 867 2099 et
895 2042 985 2099 ceteri
1011 2059 1117 2116 prosae

101 2132 273 2207 eloquentia
297 2130 519 2190 contenderunt.

171 2231 240 2284 Isid.
255 2247 292 2284 or.
313 2235 343 2296 1,
362 2234 411 2295 38,
432 2236 447 2284 1
465 2255 531 2292 prosa
549 2247 583 2284 est
600 2262 626 2268 -
645 2244 794 2291 producendo.
839 2228 889 2282 alii
906 2245 1018 2297 prosam
1038 2228 1118 2282 aiunt

100 2301 204 2356 dictam
232 2301 267 2354 ab
293 2316 336 2366 ec,
364 2301 440 2369 quod
466 2299 503 2354 sit
527 2301 654 2369 profusa,
680 2300 724 2354 vel
750 2301 785 2354 ab
812 2317 844 2354 eo
867 2301 942 2368 quod
966 2300 1117 2368 spatiosius

99 2374 215 2442 proruat
239 2373 267 2425 et
290 2374 418 2426 excurrat
441 2371 518 2425 nullo
542 2372 597 2425 sibi
622 2372 742 2425 termino
765 2372 920 2441 praefinito.
958 2389 1073 2434 praeterea
1090 2405 1117 2411 —

99 2459 266 2499 contenderunt.
286 2445 321 2510 cf.
338 2444 422 2499 OGL
448 2445 474 2497 V
489 2447 551 2510 576,
566 2447 611 2497 62.
636 2444 791 2498 Wilmaaas
811 2444 888 2498 libris
907 2445 950 2498 De
964 2460 1039 2497 sam.
1051 2443 1116 2498 Lat.

99 2516 203 2570 tribuit.

171 2628 187 2675 4
211 2620 344 2690 perplexa
367 2623 451 2676 Bere.
472 2625 507 2674 95
531 2604 664 2689 perPlexa
689 2622 774 2675 Bere.
794 2626 830 2676 36
939 2626 953 2674 9
981 2621 1117 2675 ferecides

100 2695 162 2762 fort.
184 2692 279 2762 Syrius
372 2698 404 2745 10
424 2692 530 2761 pirrum
623 2698 653 2744 11
675 2690 738 2745 exin
758 2693 915 2747 Wilmaaae

573 2828 637 2885 320

169 2934 365 3010 grammatica
394 2935 506 2992 Romae
536 2953 572 2991 ne
600 2933 632 2990 in
661 2952 717 2990 usu
745 2933 864 3008 quidem
894 2933 979 3006 olim,
1010 2933 1118 2992 nedum

102 3021 133 3080 in
157 3023 269 3081 honore
292 3023 354 3081 ullo
379 3025 456 3096 erat,
486 3022 555 3079 rudi
582 3022 695 3081 scilicet
718 3040 751 3080 ac
774 3021 915 3081 bellicosa
939 3023 1118 3081 etiamtum

103 3111 226 3170 civitate
249 3112 373 3170 necdum
398 3130 576 3189 magnopere
598 3110 771 3170 liberalibus
795 3111 961 3186 disciplinis
983 3114 1116 3170 vacante.

101 3200 223 3259 initium
247 3220 364 3276 quoque
388 3203 450 3259 eius
473 3199 620 3259 mediocre
643 3202 752 3275 extitit,
780 3202 806 3259 si
829 3201 949 3276 quidem
973 3202 1116 3277 antiquis-

101 3291 171 3349 simi
198 3289 364 3364 doctorum‚
396 3292 448 3365 qui
475 3288 553 3347 idem
581 3291 611 3347 et
638 3291 744 3364 poetae
772 3292 803 3348 et
829 3291 1004 3366 semigraeci
1032 3292 1143 3350 eranto

102 3371 236 3458 (Livium
260 3382 290 3436 et
310 3380 438 3437 Ennium
458 3378 532 3452 dico,
556 3397 629 3453 quos
653 3382 779 3454 utraque
802 3379 907 3456 lingua
928 3378 1008 3438 dorni
1031 3380 1116 3438 foris-

102 3487 159 3542 que
183 3468 317 3526 docuisso
340 3467 516 3525 adnotatum
540 3458 599 3548 est)
625 3467 701 3526 nihil
725 3463 855 3544 amplius
877 3486 976 3542 quarn
991 3467 1133 3523 ΟΜΝ

101 3556 379 3631 interpretabantur,
417 3560 472 3618 eut
504 3559 532 3620 si
565 3558 640 3638 quid
672 3558 737 3639 ipsi
766 3559 872 3619 iatine
906 3547 1165 3626 oomqossxssenu
