2422 3840
109 154 176 250 292
260 184 466 239 Grammaticae
485 151 587 239 aciatis
602 156 798 237 *Varronianus
817 183 977 253 fragmenta

111 351 138 414 3,
145 347 216 413 4,1¹.
238 347 318 401 Olor.
330 363 359 414 p.
372 349 414 412 75,
423 349 447 398 4.
467 346 727 413 111011142221.
747 345 852 398 Donat.
863 361 960 415 crepe.
972 361 1002 412 p.
1013 347 1129 409 367,18.

111 420 207 486 Pomp.
231 424 368 472 comment.
391 434 420 484 p.
440 420 503 482 105,
517 420 542 470 3.
586 416 662 469 Mae.
683 417 750 470 Vtet.
773 433 803 484 p.
824 420 872 481 15,
887 419 912 468 3.
954 416 1012 470 Ter.
1032 415 1129 470 Scene.

106 508 137 559 p.
153 493 197 554 12,
213 494 254 543 11.
271 492 314 554 17,
327 491 354 542 2.
380 489 433 543 Vel.
449 488 537 558 Lcnp.
548 505 578 556 p.
594 491 640 551 58,
655 490 679 540 4.
699 483 794 540 Albin.
805 504 835 555 p.
851 487 915 552 302,
931 489 955 539 6.
974 487 1048 557 frop.
1060 486 1129 540 Boc.

107 578 137 630 p.
154 564 218 626 538,
231 564 275 615 21.
313 559 415 614 Aaccd.
432 559 469 613 H.
485 575 515 626 p.
530 561 599 623 223,
613 561 658 613 24.
695 558 764 612 Isid.
784 563 868 623 oni,
883 563 908 622 4,
924 561 949 610 8.
988 559 1020 612 de
1038 574 1067 611 rc
1086 558 1130 612 od.

111 631 267 696 Buecheler,
285 631 318 685 de
339 631 380 685 Ti.
401 630 440 685 Ol.
462 629 535 684 Gaea
555 646 668 699 promet.
684 646 714 697 p.
736 633 794 697 ch.
875 668 892 672 v.
929 667 930 671 η

183 736 298 808 2quia]
318 752 390 805 quoe
444 735 528 789 litera
546 735 574 788 h.
594 734 704 788 videtur
724 736 816 790 Gelon.
876 739 897 786 '3
917 752 933 786 v
951 733 1131 789 'coniunctam

111 807 202 863 vocali
220 809 290 864 coni.
305 808 372 862 Keil
443 814 459 860 6
479 823 564 875 quam
583 809 612 860 et
631 805 703 860 aeoli
719 807 834 860 Brneel.
851 813 908 874 qna
923 809 952 860 et
966 806 1022 860 eoli
1038 806 1130 862 Gelon.

112 895 185 947 qnae
213 881 242 933 et
270 878 343 933 aeoli
371 880 469 933 Rern:
502 895 550 932 eea.
581 878 692 943 Carrio,
724 879 773 945 qni
801 875 882 931 Aeoli
909 879 1032 946 arrepsit,
1065 879 1133 932 Keil

112 949 213 1004 Aeoles
286 955 300 1002 7
321 946 422 1020 nostri]
436 965 493 1003 non
508 951 592 1004 Bere.
666 954 682 1002 8
702 948 849 1001 Terentius
864 947 954 1002 Varro
969 966 985 1003 o
1004 971 1023 1002 .:
1039 951 1131 1002 teren-

112 1023 169 1074 tius
187 1039 240 1075 usn
258 1038 321 1074 raro
394 1025 409 1073 9
429 1020 578 1090 perscribit
597 1024 695 1089 (perer.
715 1021 811 1088 Rern.)
832 1035 946 1083 vanem.
994 1021 1074 1074 ltccbl

540 1190 609 1246 err
631 1181 701 1266 [45]

179 1315 273 1373 mium
288 1317 318 1373 et
332 1311 535 1372 commircium
549 1331 667 1388 quoque
680 1331 734 1387 per
747 1313 758 1369 i
773 1315 904 1388 antiquis
918 1311 1132 1388 relinquamus,

114 1404 194 1480 apud
213 1421 286 1479 quos
306 1421 399 1478 aeque
419 1404 448 1460 et
461 1400 620 1460 Mircurius
639 1420 692 1476 per
710 1400 722 1457 i
740 1401 903 1475 dicebatur,
924 1400 1003 1476 quod
1021 1402 1131 1458 miren-

114 1494 220 1551 darum
238 1511 337 1550 rerum
362 1492 439 1549 esset
461 1489 607 1563 inventor,
631 1493 665 1548 ut
683 1489 780 1549 Varro
804 1490 885 1549 dicit.
905 1523 947 1531 —
967 1492 1040 1548 item
1063 1490 1132 1548 miis

113 1584 208 1658 peri,
236 1600 296 1639 non
319 1579 392 1638 meis
415 1598 469 1653 per
492 1597 516 1654 e,
543 1581 578 1637 ut
601 1580 758 1638 Terentius
789 1573 839 1658 [11
862 1574 954 1658 699]:
985 1573 1030 1638 ‘at
1053 1580 1132 1638 enim

88 1671 191 1730 oistoc
213 1671 289 1728 nihil
313 1671 358 1729 est
379 1669 485 1746 magis
506 1667 593 1744 Syre,
616 1668 684 1726 miis
707 1668 820 1743 nuptiis
846 1661 1025 1727 adversum'.

191 1769 245 1823 Vel.
266 1769 399 1838 Loupp.
420 1769 519 1832 77,12
542 1780 695 1820 111111111-
714 1781 775 1820 mort.
812 1766 914 1820 nostris
938 1766 995 1819 iam
1019 1765 1133 1819 auribus

113 1840 209 1908 placet
225 1856 276 1908 per
295 1855 317 1904 e,
337 1840 369 1891 ut
387 1840 416 1891 et
434 1837 476 1908 [et
493 1840 525 1890 ut
543 1836 616 1892 cod:
634 1855 681 1892 em.
700 1838 817 1908 Rursum]
838 1837 991 1892 Mercurius
1011 1839 1040 1890 et
1059 1854 1133 1890 com-

114 1911 218 1964 mercia
236 1911 375 1964 dicantur.
402 1923 456 1962 nom
470 1941 497 1948 -
510 1923 633 1962 advorsum.

187 2024 200 2070 1
225 2015 344 2070 nimium
367 2017 396 2070 et
419 2014 615 2069 commercium
636 2016 737 2069 Valle.-
760 2032 808 2069 eno,
834 2015 1016 2070 Ocmncclinus
1038 2021 1064 2068 et
1084 2016 1133 2068 In-

114 2091 179 2143 nius
247 2094 262 2140 2
282 2085 426 2141 marcirius
445 2102 496 2155 per
513 2085 524 2138 i
542 2085 711 2139 dicebantur
726 2087 811 2141 Votic.
881 2090 899 2138 31
916 2088 948 2139 ut
968 2086 1086 2140 Ritccbl:
1106 2089 1135 2139 et

542 2256 609 2313 ere
633 2247 704 2333 [rr]

183 2380 316 2439 Lucilius
345 2378 397 2437 ubi
424 2379 435 2436 i
464 2378 539 2438 exile
567 2381 611 2437 est
638 2398 692 2455 per
719 2397 750 2437 se
777 2379 861 2436 iubet
889 2375 992 2452 scribi,
1023 2380 1055 2436 at
1083 2378 1134 2436 ubi

116 2471 239 2546 plenum
254 2471 299 2528 est
311 2467 554 2544 praeponendum
569 2485 631 2526 esse
646 2487 661 2526 e
676 2467 770 2526 credit
783 2468 830 2526 his
845 2466 980 2526 versibus
996 2460 1047 2546 [fr.
1064 2461 1135 2546 10]:

162 2571 283 2634 ‘meille'
308 2575 469 2649 hominum,
493 2574 551 2633 duo
571 2568 707 2651 ‘meilia',
730 2574 803 2632 item
825 2575 885 2632 huo
904 2568 942 2632 ‘e'
962 2576 1089 2649 utroque

855 2681 938 2738 opus,
960 2655 1091 2721 ‘meiles’

162 2748 352 2812 ‘meilitiam'.
384 2755 489 2811 tenues
508 2753 527 2826 i,
548 2746 664 2828 ‘pilam’
684 2754 715 2809 in
735 2771 794 2827 qua
812 2752 950 2826 lusimus,
971 2745 1089 2826 ‘pilum’

91 2862 103 2902 e
163 2861 221 2919 quo
245 2843 319 2918 piso,
343 2843 460 2915 tenues,
484 2844 509 2899 si
532 2841 620 2916 plura
642 2842 715 2900 haec
738 2842 842 2899 leceris
865 2841 929 2916 pila

163 2950 239 3007 quae
262 2930 396 3004 iacimus,
420 2931 510 2989 addes
535 2950 558 3004 e,
583 2925 684 3005 ‘pella'
705 2932 740 2987 ut
761 2931 879 3004 plenius
902 2929 964 2988 fiat.

119 3057 208 3114 quam
240 3038 472 3095 inconstantiam
495 3037 591 3095 Varro
626 3055 752 3112 arguens
783 3037 816 3093 in
848 3036 974 3095 eundem
1006 3054 1136 3094 errorem

119 3128 237 3185 diversa
266 3127 316 3185 via
346 3125 503 3199 delabitur,
536 3125 635 3184 dicens
663 3126 695 3182 in
721 3125 833 3200 plurali
863 3124 982 3201 quidem
1012 3145 1135 3184 numero

120 3216 224 3274 debere
247 3217 366 3273 litterae
390 3214 400 3272 i
422 3209 481 3291 <e>
504 3216 656 3290 praeponi,
684 3215 716 3271 in
738 3213 885 3291 singulari
908 3232 977 3271 vero
1005 3216 1136 3288 minime,

80 3325 105 3365 so
120 3325 187 3363 cum
211 3303 323 3379 alioqui
343 3298 474 3380 <1>11011
499 3303 580 3361 aliud
602 3304 634 3360 in
658 3303 803 3380 singulari
827 3321 917 3378 quam
940 3298 994 3379 <in
1016 3303 1136 3378 plurali,

119 3412 216 3470 neque
236 3392 318 3451 aliud
340 3395 373 3450 in
396 3387 516 3469 media>
535 3411 624 3467 quam
647 3393 679 3449 in
699 3394 830 3450 exmema
848 3391 964 3468 syllaba
986 3393 1080 3466 sonet,
1102 3395 1137 3450 ut

117 3485 150 3540 in
170 3483 268 3541 verbis
289 3482 481 3540 manifestum
505 3484 556 3539 est.
594 3480 719 3540 dicimus
743 3481 821 3538 enim
841 3475 940 3538 ‘mitto
963 3482 1032 3539 misi
1055 3482 1136 3540 misi·

96 3567 189 3642 mns',
222 3573 286 3630 nisi
308 3572 404 3633 aliam
428 3571 479 3632 hic
503 3571 570 3633 vult
594 3589 657 3632 esse
680 3571 832 3631 rationem
853 3563 953 3647 lquod
976 3569 1139 3627 absurdum
