2422 3840
87 167 130 231 82
269 166 475 221 Grammaticos
495 167 745 222 anievanonionae
763 167 923 238 fragmenta

164 329 251 383 Varro
274 328 307 382 cle
326 330 342 382 l.
363 328 397 381 L.
418 332 443 396 7,
458 331 603 382 103-104
625 327 716 382 multa
739 328 776 382 ab
800 327 966 382 animalium
990 328 1107 384 vocibus

85 398 192 451 tralata
210 399 240 451 in
258 399 394 465 homines,
413 399 572 468 partimque
590 402 657 452 sunl
675 402 781 468 operte,
801 399 905 468 purtim
924 399 1046 454 obscura
1065 432 1107 454 -.

85 470 178 523 minus
199 473 297 538 speria
315 470 407 524 Porcii
426 471 461 525 ab
481 470 560 539 lupo:
580 487 623 525 voi
638 487 669 524 ul.

272 781 572 869 VOLOAOIUS
606 780 910 868 SEDIGITUS

428 969 466 1034 Α.
490 967 759 1034 TESTIMONIA

85 1056 197 1110 VITAE

158 1170 181 1218 1.
210 1165 243 1218 de
267 1166 377 1218 uomiue
399 1181 451 1232 per
474 1181 501 1229 c,
529 1181 586 1218 uou
608 1180 658 1231 per
684 1170 695 1217 i
718 1161 859 1218 scrilreudo
886 1163 921 1230 cf.
947 1165 1106 1229 Buecheler,

85 1237 139 1291 Ille.
164 1236 239 1289 Mus.
260 1240 296 1289 33
320 1238 415 1304 (1878)
430 1252 460 1303 p.
480 1239 542 1289 492.
575 1235 608 1288 cle
630 1237 787 1304 coquomiue
806 1236 880 1289 Pliu.
900 1253 927 1289 u.
946 1235 972 1290 h.
994 1241 1039 1303 11,
1050 1241 1106 1291 244

85 1309 154 1432 {rasit
168 1311 215 1391 3),'
225 1324 314 1403 o’qrio
333 1313 360 1430 etl
368 1307 465 1432 ,Gteu‘b
484 1307 695 1431 locttmemorioe
708 1307 852 1374 proditum
870 1312 923 1372 esl;
944 1308 1016 1362 uui
1032 1311 1105 1362 euim

127 1396 142 1433 o
154 1395 248 1432 coccus
278 1395 349 1446 simp
361 1395 397 1432 eci
409 1395 438 1432 er
455 1394 544 1445 reperi
556 1394 598 1431 ur.

155 1472 181 1520 2.
204 1467 233 1537 Q.
255 1468 372 1533 Valerio,
404 1468 503 1521 Porcio
530 1466 631 1521 Lieiuo
659 1471 747 1520 celate
774 1467 863 1520 uccior
894 1467 1046 1534 Volcacius,
1074 1475 1105 1522 ul

85 1539 219 1593 Buelluer
236 1540 296 1592 oull
313 1538 390 1604 (ibid.
406 1555 436 1606 p.
452 1539 549 1606 34sq.)‚
568 1539 617 1591 cic
633 1554 686 1591 csse
702 1543 796 1605 potest,
814 1538 962 1605 siquidem
976 1539 1105 1593 Euuium

86 1611 183 1664 ‘causo
206 1610 396 1678 emtiquilolis'
425 1615 556 1663 meusorol
581 1609 684 1677 (fr.1);
710 1610 824 1662 messum
848 1610 920 1662 euim
945 1610 1104 1677 Turpilium

84 1683 158 1748 focio
182 1683 216 1736 ao
240 1699 269 1736 eo
292 1682 438 1734 laudarum
461 1679 509 1749 (id.
528 1681 585 1749 fr),
613 1681 661 1748 qui
686 1685 717 1733 ul
736 1697 761 1732 c.
782 1679 900 1750 650s104
922 1681 964 1734 uel
986 1679 1105 1752 651l103

84 1759 208 1808 mortuus
230 1755 279 1818 sil,
309 1759 368 1806 erat
392 1757 483 1806 comem
508 1757 574 1805 luue
599 1751 747 1805 comiodum
768 1767 856 1805 seueu.
903 1752 997 1807 uideas
1022 1755 1104 1806 etiam

84 1826 220 1890 ordinem,
248 1841 300 1892 quo
325 1824 432 1892 iudicio
456 1823 489 1877 cle
511 1824 634 1877 Tereulio
659 1824 691 1876 iu
715 1824 774 1876 cilo
796 1822 922 1877 Suetouii
946 1824 1105 1890 offermslur

86 1896 239 1962 ‘Afrouius
254 1895 402 1964 (Scipionis
411 1895 555 1962 Laeliique
569 1894 701 1961 aequalis)
717 1894 859 1947 Volcacius
874 1894 966 1949 Cicero
981 1894 1103 1950 Ooesor’.

156 1988 180 2037 3.
210 1984 277 2038 Pliu
296 2002 323 2037 u.
342 1983 367 2036 l.
391 1987 435 2048 11,
452 1985 508 2036 244
534 1981 694 2036 Volcacium
718 1980 876 2052 Sedigitum
902 1981 1052 2038 inlustrem
1075 1984 1104 2036 in

84 2056 203 2123 poetico.

86 2196 318 2251 SCRIPTORUM

156 2307 180 2356 4.
216 2305 304 2358 Varro
322 2304 355 2357 de
373 2303 486 2357 comoed.
505 2304 597 2357 Plout.
614 2303 635 2354 I
649 2329 682 2346 =
701 2303 737 2368 fr.
753 2306 792 2356 88
812 2303 969 2357 Volcacium
986 2303 1105 2359 iudicem

85 2376 252 2429 Plcuiiuum
270 2376 408 2442 scripsisse
427 2374 522 2439 trodio,
541 2375 598 2442 qui,
616 2375 723 2442 opiuor,
749 2375 780 2427 iu
799 2375 816 2427 l.
835 2374 880 2428 De
895 2374 983 2442 poclis
1001 2382 1062 2430 croi
1075 2381 1106 2430 ui

84 2447 143 2500 siue
162 2444 245 2500 clubio
267 2445 387 2499 Terentii
404 2446 565 2511 fabularum
583 2446 749 2499 euumeroiio
769 2446 814 2513 (fr.
829 2447 866 2513 2).

156 2625 288 2690 reliquias
305 2624 364 2677 coll.
381 2624 525 2690 Boelueus,
544 2624 659 2693 Froym.
679 2625 752 2678 Pocl.
773 2624 852 2678 Rom.
873 2623 999 2692 (Lipsiae
1018 2626 1104 2693 1886)

83 2713 111 2763 p.
126 2698 183 2748 279
197 2712 234 2762 sq.
263 2696 298 2759 cf.
314 2696 447 2748 Ruelluer
467 2696 482 2749 l.
503 2711 523 2748 c.
540 2711 569 2762 p.
585 2698 620 2747 34
636 2711 673 2762 sq.

428 2892 463 2955 B.
488 2890 761 2956 FRAGMENTA

438 3031 486 3084 DE
505 3031 631 3085 POETIS
650 3031 747 3084 LIBRI

160 3138 228 3192 Geli.
249 3143 292 3204 15,
306 3142 343 3192 24
362 3139 419 3193 iuol.
440 3137 508 3205 quid
527 3136 677 3192 Volcacius
696 3137 891 3209 [Vulo·coold.]
911 3137 1055 3208 Sedigiius
1073 3138 1102 3191 in

86 3209 167 3278 libro,
188 3226 271 3277 quem
290 3210 325 3263 de
343 3211 435 3279 poetis
454 3210 575 3278 scripsit,
595 3209 630 3263 de
649 3209 762 3263 comicis
781 3209 890 3262 Latinis
908 3209 1050 3263 iudicsrii.

460 3364 478 3418 1
504 3354 538 3438 [1
562 3355 728 3439 Buelcreus]

130 3468 262 3526 multos
285 3466 445 3526 incertos
469 3471 609 3525 certare
633 3467 817 3525 honorem
842 3465 1012 3541 vidimus,

109 3555 275 3625 pelicem
293 3558 432 3632 posiae
457 3556 595 3618 comico
619 3557 679 3616 cui
701 3556 878 3616 osismus.
