2422 3840
138 171 204 242 436
286 176 492 231 Grammaticae
512 177 613 232 aetatis
633 177 824 232 varronianae
843 177 1003 248 fragmenta

139 335 369 392 SCRIPTORUM

211 427 335 481 optio.
354 444 382 479 a.
401 427 426 478 le.
447 430 538 492 35,11
562 426 627 480 ima
656 426 748 481 inum
772 443 895 480 amorem
914 426 1047 510 flagrasse
1066 444 1155 495 quon-

138 497 205 551 dam
226 468 312 551 testes
335 498 401 550 sunt
422 497 533 552 Atticus
557 497 606 551 ilie
646 497 765 552 iceronis
788 497 864 551 edito
888 498 923 552 de
946 515 981 551 us
1005 497 1154 563 volumine,

138 567 175 622 M.
191 567 287 622 Varro.
325 569 435 623 Atticus
452 574 548 623 auctor
571 587 589 622 a
612 569 707 624 Plinio
725 577 947 624 comittemorotwr
964 570 996 623 ia
1014 569 1072 624 lad.
1092 570 1153 624 libr.

144 640 209 695 VH
230 640 380 692 XXXIII.
401 639 481 694 Cora.
490 642 562 720 Itlep
574 641 631 694 Att
642 644 685 706 18,
700 642 778 694 tat
778 639 833 710 igit
846 640 976 708 poeticen
990 657 1143 709 quoque-

137 727 258 778 namque
273 709 397 764 versibus
407 709 496 783 <de'
476 728 519 766 us
523 710 542 783 >
553 728 602 779 qur
594 711 720 765 honore
734 728 881 778 rerumque
896 712 1039 781 gestarum
1054 712 1154 780 ampli·

137 781 237 837 tudine
251 783 358 836 ceteros
371 782 493 836 Romani
506 781 604 851 populi
618 783 828 850 praestiterunt
843 782 1010 851 exposuit't
987 801 997 835 1
1012 798 1037 848 a,
1053 801 1072 836 u
1074 783 1154 836 tsub

134 849 313 934 singulorum
325 853 497 936 imaginibus
508 852 584 908 faeta
597 853 836 923 magistratusque
851 870 947 908 comm
961 871 1017 908 non
1032 853 1154 922 amplius

138 923 282 993 quaternis
302 924 430 992 quinisve
447 924 573 978 versibus
595 924 781 994 descripserit.

210 1018 234 1068 7.
258 1014 364 1070 Fronto
382 1030 413 1083 p.
427 1017 465 1068 20
475 1015 561 1067 N.
528 1040 562 1058 =
576 1013 735 1083 Lampadio
753 1018 842 1068 testi
865 1015 934 1083 (ueta
952 1030 1013 1067 clun
1031 1012 1155 1082 Latapa-

138 1085 228 1151 dloae,
253 1086 333 1140 Aelio
358 1084 470 1150 Stilone,
495 1084 619 1139 Statorio
643 1084 737 1149 Erote,
764 1086 888 1140 Ooraelt'o
914 1086 1018 1152 Nepote
1045 1086 1155 1138 Atticus

138 1157 256 1210 allorum
274 1158 438 1224 scriptoram
455 1156 543 1211 editor
560 1163 740 1222 memoratum
759 1158 831 1224 qaod
849 1157 981 1224 quoraodo
999 1157 1154 1226 iutellcpea·

138 1227 203 1281 dum
221 1230 258 1282 eit
275 1229 318 1282 ccl.
338 1245 383 1296 ap.
405 1227 484 1282 Gora.
505 1228 575 1296 Nep.
595 1234 651 1281 test.
667 1231 694 1294 4)

350 1442 386 1506 Β.
413 1440 607 1508 ANNALIS
631 1441 940 1508 FRAGMENTUM

492 1595 509 1647 1
534 1583 584 1668 [H
586 1590 650 1648 ΒΕ
671 1585 800 1669 5Peter]

204 1715 253 1773 hic
279 1714 384 1773 Livius
414 1717 527 1790 primus
557 1715 692 1773 fabulam
715 1713 746 1772 Ο.
767 1713 891 1773 Claudio
916 1714 1003 1773 anci
1034 1713 1095 1774 filio
1125 1718 1156 1773 et

137 1804 177 1862 M.
193 1803 342 1862 Tuditano
362 1803 531 1863 consulibus
552 1797 593 1882 [o.
610 1796 774 1882 514s240]
794 1803 895 1861 docuit
910 1823 987 1862 anno
1004 1803 1069 1879 ipso
1085 1806 1155 1862 ante

137 1913 228 1968 quam
257 1895 346 1951 natus
376 1895 422 1951 est
452 1893 580 1965 Ennius,
613 1895 681 1968 post
711 1893 836 1950 Romam
870 1892 1021 1952 conditam
1054 1896 1156 1950 autern

140 1981 377 2058 quartodecimo
397 1983 427 2039 et
446 1983 694 2058 quingentesimo,
713 1984 747 2039 ut
765 1981 813 2040 hic
833 1975 975 2059 [Atticus]
996 1983 1047 2054 ait,
1067 2000 1155 2056 quem

112 2082 124 2122 ι
140 2090 193 2130 nos
208 2072 372 2147 sequimur3
391 2072 436 2129 est
450 2073 529 2128 enirn
547 2069 626 2129 inter
645 2070 802 2146 scriptores
818 2070 853 2129 de
871 2088 994 2128 numero
1009 2089 1155 2128 annorum

140 2162 349 2219 controversia.
396 2159 504 2218 Accius
533 2153 584 2238 [fr.
606 2154 661 2237 18]
692 2162 793 2218 autem
821 2179 839 2217 a
863 2157 895 2227 Q.
914 2159 1044 2217 Maximo
1069 2161 1155 2234 quin-

138 2253 204 2307 tum
223 2249 342 2308 consule
363 2241 403 2326 [a.
422 2241 579 2326 5r5l209]
600 2251 721 2324 captum
740 2249 868 2307 Tarento
888 2248 1006 2323 scripsit
1024 2246 1156 2321 Livium,

140 2340 226 2398 annis
249 2337 330 2395 XXX
359 2339 540 2412 postquam
568 2356 637 2395 eum
665 2337 797 2395 fabulam
825 2336 959 2396 docuisse
983 2340 1013 2395 et
1035 2336 1154 2395 Atticus

141 2427 245 2486 scribit
264 2430 293 2484 et
312 2445 365 2484 nos
383 2427 415 2483 in
434 2426 566 2500 antiquis
586 2428 805 2484 commentariis
824 2427 1002 2498 invenimus
1021 2425 1155 2484 docuisse

95 2527 126 2566 ,ιο
141 2518 243 2574 autem
261 2514 395 2573 fabulam
413 2517 499 2573 annis
518 2517 587 2589 post
605 2515 647 2572 XI
671 2513 702 2572 0.
723 2513 859 2574 Cornelio
883 2515 916 2584 Q.
935 2515 1067 2573 Minucio
1087 2532 1156 2573 con·

139 2604 254 2664 sulibus
292 2597 334 2681 [a.
359 2596 523 2683 556l198]
561 2604 641 2662 ludis
678 2603 860 2676 IuventatiS,
898 2622 971 2678 quos
1004 2602 1157 2662 Salinator

139 2693 264 2752 Senensi
292 2692 405 2768 proelio
428 2695 559 2751 voverat.
606 2694 638 2749 in
665 2711 724 2767 quo
752 2695 854 2751 tantus
883 2711 964 2750 error
987 2691 1059 2750 Acci
1087 2693 1156 2767 fuit,

134 2785 173 2840 ut
196 2782 243 2841 his
267 2781 441 2840 consulibus
464 2781 574 2838 XXXX
598 2799 690 2840 annos
719 2784 807 2838 natus
831 2781 945 2839 Ennius
973 2781 1078 2854 fuerit3
1109 2784 1157 2839 cui

138 2872 166 2931 si
198 2869 332 2945 aequalis
362 2870 453 2928 fuerit
482 2868 599 2943 Livius,
632 2869 728 2928 minor
758 2870 816 2929 fuit
847 2871 1002 2944 aliquanto
1032 2872 1071 2943 m,
1105 2873 1157 2946 qui

99 2971 125 3012 ro
140 2961 255 3036 primus
274 2959 408 3017 fabulam
427 2957 510 3017 dedit
528 2978 618 3034 quam
641 2960 672 3032 ii,
697 2961 749 3034 qui
769 2959 880 3016 multas
904 2959 1067 3017 docuerant
1086 2963 1157 3018 ante

138 3050 193 3108 hos
218 3048 362 3123 consules,
386 3050 416 3105 et
438 3048 564 3105 Plautus
588 3053 618 3105 et
640 3047 780 3106 Naevius.

212 3165 265 3218 Oie.
285 3165 366 3218 Brut.
388 3168 466 3218 72a
449 3162 589 3231 atquio
552 3177 589 3217 mo
607 3177 674 3217 mviu
635 3189 729 3218 ιιι-ι
747 3178 860 3217 omres
837 3177 891 3218 vius
929 3162 998 3216 haec
1021 3163 1045 3216 si
1064 3165 1157 3217 minus

139 3237 208 3304 apta
225 3235 356 3288 videntur
373 3234 439 3288 huic
458 3234 588 3300 sermoni,
607 3234 701 3301 Brute,
720 3234 815 3288 Attico
835 3234 961 3303 adsigna,
984 3235 1032 3302 qui
1051 3251 1096 3289 me
1116 3235 1157 3288 in·

138 3306 292 3446 ιδιὲιὲιιῖιὲιὲἔιι
310 3305 405 3360 studio
424 3305 585 3360 inlustrium
608 3305 754 3359 hominum
774 3309 882 3359 aetates
902 3307 930 3358 et
947 3308 1076 3374 tempora
1095 3324 1158 3375 per-

199 3509 237 3559 13
264 3503 313 3559 cui
339 3504 365 3560 si
395 3520 458 3576 aeq.
488 3503 553 3560 elle.
578 3503 670 3576 princ
693 3501 770 3572 duod
786 3517 848 3570 aed
864 3503 984 3569 pictique
1003 3503 1099 3567 colle
1122 3505 1158 3569 cs.

120 3573 235 3646 mem
254 3579 380 3655 Parerp.
395 3599 427 3654 p.
447 3584 529 3653 dico.
