2422 3840
108 161 173 224 508
274 160 481 215 Grammaticae
500 161 602 225 aetatis
620 161 782 229 Augusteae
799 159 958 228 fragmenta

961 257 988 293 x

104 322 183 390 tique
197 337 248 390 per
261 321 390 374 herbam:
403 321 417 392 f
428 321 474 374 hic
488 338 566 374 meus
582 323 632 387 est,
648 321 751 387 dixere,
766 320 847 374 dies'.
857 353 884 359 -
897 320 969 373 illud
978 320 1128 375 Porcellus

104 392 305 462 grammaticus
329 392 465 460 arguebat
488 393 518 445 in
537 393 590 445 hoc
609 409 689 446 versu
708 392 788 460 quasi
812 391 1019 458 soloecismum,
1046 393 1125 460 quod

104 481 168 517 cum
190 465 283 532 plures
307 463 464 516 induxisset
488 463 594 518 diceret
618 464 676 517 ‘hic
699 479 777 516 meus
802 465 844 516 est
867 464 948 531 dies’‚
974 480 1032 517 non
1060 465 1126 518 ‘hic

103 537 199 589 noster
224 536 291 599 est’,
321 538 349 588 et
374 535 404 587 in
428 535 569 588 sententia
595 536 701 603 optima
726 535 756 587 id
783 535 935 588 accusabat
960 535 1036 602 quod
1063 539 1130 590 erat

104 607 250 676 optimum.
286 608 336 661 hoc
354 607 489 660 iudicium
508 608 605 661 litteris
623 607 784 660 mundatam
802 623 859 661 aori
877 623 930 660 esse
947 608 1064 661 uidetur.

327 841 363 904 B.
392 838 567 906 FALSUM
590 838 898 904 FRAGMENTUM

172 1017 261 1072 quae
285 999 296 1055 l
319 998 447 1056 littera
469 999 654 1055 finiuntur
676 999 712 1054 in
736 997 984 1056 declinatione
1012 1001 1125 1075 gemi-

104 1089 192 1144 nant
215 1087 364 1145 eandem
386 1087 565 1160 litteram,
587 1089 769 1162 tamquam
787 1087 856 1143 mel
879 1087 998 1144 mellis
1019 1090 1054 1145 et
1074 1089 1126 1146 fel

104 1176 213 1234 fellis.
256 1177 329 1234 facit
351 1176 395 1233 ita
418 1175 552 1233 tribunal
578 1175 749 1233 tribunallis
773 1178 804 1232 et
827 1176 938 1233 animal
962 1177 1125 1236 animallis.

175 1274 247 1328 Suet.
268 1275 327 1341 diff
347 1291 423 1328 sam.
439 1292 469 1343 p.
484 1278 547 1339 310,
561 1277 600 1327 28
619 1275 693 1328 Roth
719 1272 845 1326 tribunal
869 1291 905 1326 an
927 1272 1071 1328 tribunale
1095 1278 1131 1328 et·

105 1345 210 1399 animal
225 1363 262 1398 an
277 1343 407 1398 animale.
438 1344 582 1398 Porcellus
601 1345 655 1416 [itu
671 1345 745 1399 Rota
758 1363 789 1412 p.
806 1346 926 1401 XCVII
939 1344 1017 1398 Proc.
1033 1347 1126 1417 coda]

105 1417 158 1470 ait:
178 1442 234 1479 quae
247 1433 258 1470 1
272 1449 295 1456 -
310 1430 427 1471 enimenta
456 1417 504 1469 sed
524 1416 635 1482 erravit,
653 1416 776 1483 primum
795 1417 862 1483 quia
879 1415 1076 1484 monosyllabo
1094 1418 1126 1470 in

106 1488 234 1557 exemplo
248 1488 352 1556 posuit,
372 1488 474 1542 deinde
489 1488 568 1558 [qua]
588 1487 655 1555 quia
675 1487 728 1558 [re]
747 1487 757 1538 l
772 1505 828 1540 non
847 1487 972 1557 geminet
988 1504 1040 1540 nec
1055 1489 1127 1558 vigil

105 1576 157 1612 nec
179 1560 267 1628 pugil.
304 1560 369 1613 aare
387 1576 456 1627 quae
479 1559 556 1626 opud
575 1559 769 1625 Reifferscheid
787 1559 859 1613 Suet
878 1560 936 1612 rell.
954 1576 1012 1613 aoa
1030 1562 1128 1615 inueni

105 1649 187 1699 quam
205 1631 286 1697 fidem
303 1632 421 1684 habeant
438 1632 542 1699 iquoro.
576 1631 622 1683 sed
641 1647 660 1682 a
677 1637 761 1684 cetere
778 1634 909 1699 scriptore
926 1632 982 1684 eice
1000 1631 1126 1685 Porcello

105 1705 160 1756 siue
179 1703 299 1757 Procilio
317 1704 373 1756 siue
391 1718 443 1768 quo
462 1703 518 1755 alio
537 1704 647 1755 nomine
664 1703 728 1768 fuit,
749 1702 817 1756 istae
835 1719 925 1772 caque
943 1704 1056 1755 omniuo
1075 1705 1126 1757 ub-

104 1775 221 1828 horreat.

376 2031 642 2117 ANTONIUS
674 2032 849 2119 RUFUS

177 2253 244 2288 aum
253 2237 394 2290 Antonius
407 2235 502 2300 Rufus
520 2235 591 2287 idem
609 2237 653 2301 cit,
672 2237 721 2303 qui
734 2242 942 2302 praeteritorum
955 2242 1126 2307 toyaturum-

106 2324 156 2375 que
174 2309 290 2374 scriptor
309 2324 327 2360 a
346 2307 510 2360 Pc-Acroae
529 2307 608 2374 (Hor.
624 2308 685 2360 ΑΡ
700 2309 765 2375 288)
785 2313 958 2374 incuteretur,
976 2310 1127 2363 necamur:

106 2385 175 2432 certe
193 2397 211 2431 o
230 2378 307 2443 Rufo
328 2378 510 2431 ‘Pindaricae
529 2379 606 2447 lyrae
623 2378 745 2443 fidiciae’
766 2377 855 2446 (Ouid.
876 2396 909 2432 ec
928 2381 961 2432 P.
979 2384 1005 2446 4,
1021 2384 1065 2447 16,
1078 2383 1130 2448 28)·

106 2451 131 2502 ic
156 2451 279 2503 dicereris
304 2466 358 2503 esse
381 2449 489 2503 uidetur
517 2449 560 2516 (of.
586 2449 792 2515 Reifferscheid,
820 2451 877 2502 iad.
904 2451 983 2503 schol.
1011 2451 1125 2506 Vraticl.

108 2521 238 2592 1880s81
253 2537 282 2587 p.
300 2522 334 2589 7).
364 2521 396 2574 dc
410 2521 486 2585 Rufo
501 2522 536 2586 of.
553 2519 643 2586 Goeta,
660 2520 858 2589 Pauly-Wise.
874 2522 938 2575 RE
950 2526 975 2588 1,
985 2522 1124 2595 2637s94.

107 2592 220 2660 Prosop.
241 2593 305 2658 imp.
325 2593 403 2646 Rom.
424 2591 599 2662 1,104J692.

481 2805 754 2871 FRAGMENTA

603 2969 621 3022 1

174 3071 354 3129 locutionem
387 3088 504 3145 quoque
531 3071 680 3130 Antonius
704 3072 799 3129 Rufus
831 3091 884 3147 per
912 3092 931 3146 q
960 3072 1035 3132 dicit
1063 3092 1131 3134 esse

108 3159 302 3232 scribendam,
322 3159 400 3234 quod
420 3159 460 3216 sit
479 3159 515 3216 ab
535 3179 569 3218 eo
589 3159 669 3235 quod
689 3162 734 3218 est
752 3161 848 3235 loqui3
867 3163 940 3219 item
958 3163 1128 3237 periculum

108 3250 138 3306 et
160 3248 313 3306 ferculum.

184 3347 238 3401 Vel.
257 3347 345 3416 Lonq.
361 3364 391 3414 p.
408 3350 502 3412 79,13
523 3361 660 3400 locutionem
673 3362 827 3402 -ferculum
861 3350 895 3414 Cf.
915 3350 1006 3403 Iawtl.
1025 3350 1062 3416 fr.
1084 3356 1125 3404 14.

102 3417 157 3473 Vel.
177 3419 268 3492 Luna
289 3437 322 3491 p,
345 3422 449 3488 70,15.
485 3418 571 3490 Caper
592 3421 660 3474 ortt.
682 3436 709 3488 p.
729 3423 812 3485 93‚4.
846 3423 921 3473 Aac.
943 3421 1056 3475 Cernat.
1081 3440 1126 3490 ap.

84 3488 214 3550 cassiod.
232 3514 263 3567 p.
282 3499 348 3564 150,
368 3499 416 3554 22.
453 3494 608 3567 Papiriou.
632 3492 702 3548 aa.
720 3509 749 3560 o.
763 3495 828 3555 158,
840 3495 885 3544 te.
902 3495 1021 3555 itala.
1050 3493 1130 3547 (lues.

77 3560 197 3623 Viam
218 3571 290 3626 ibid.
307 3576 474 3645 p.207,1.
503 3571 607 3629 Albia.
628 3567 700 3624 ortt.
720 3580 749 3632 o.
763 3566 833 3627 299,
848 3564 894 3615 23-
