2422 3840
428 179 465 234 M.
485 179 631 232 Terentius
650 178 738 232 Varro
1027 181 1090 246 195

74 344 118 410 Ῥ.
142 348 243 425 Scipio
271 347 358 407 Pauli
388 347 469 406 filius
492 351 523 406 et
548 347 594 406 bis
622 349 724 406 consul
752 348 812 406 fuit
835 352 865 407 et
891 347 1090 424 triumphavit

72 441 103 497 et
126 456 251 496 censura
277 438 396 497 functus
424 440 469 496 est
492 440 522 494 et
545 437 659 514 collega
686 437 717 494 in
745 456 869 496 censura
896 437 928 495 L.
953 438 1089 496 Mummii

72 523 152 587 iuit'.
198 527 230 585 in
254 527 334 585 omni
357 528 458 585 autem
481 525 638 586 coniuncto
662 525 687 583 si
709 546 802 584 unum
826 529 872 586 est
894 527 1089 598 mendacium,
1104 541 1133 581 so

71 616 317 676 etiamsiscetera
339 635 410 675 vera
433 618 511 690 sunt,
541 618 639 674 totum
666 633 729 675 esse
755 616 943 674 mendacium
971 615 1088 676 dicitur.

71 724 143 764 nem
172 705 197 763 si
225 705 262 763 ad
291 723 326 763 ea
354 705 467 780 omnia,
500 723 576 780 quae
607 703 642 763 de
671 703 809 781 Scipione
838 705 892 764 illo
920 724 991 764 vers
1019 705 1089 780 dixi,

72 793 215 853 addidero
245 787 287 851 ‘et
314 792 515 852 Hannibalem
542 793 574 850 in
597 793 701 852 Africa
730 790 905 868 superavit’,
936 794 1015 871 quod
1044 798 1089 854 est

71 884 191 957 falsum,
218 882 358 941 universa
385 901 503 958 quoque
525 882 589 956 illa,
620 901 696 958 quae
720 882 875 943 coniuncte
902 883 983 942 dicta
1011 886 1088 958 sunt,

71 975 196 1048 propter
223 972 279 1030 hoc
309 991 413 1046 unum,
447 972 525 1047 quod
555 971 665 1037 falsum
697 971 866 1046 accesserit,
899 972 971 1048 quia
1000 973 1088 1032 simul
1103 989 1128 1030 ss

72 1061 217 1134 dicentur,
247 1079 318 1120 vera
346 1080 406 1119 non
437 1064 531 1119 erunt.
578 1063 623 1119 est
652 1060 724 1118 item
755 1061 845 1136 aliud,
876 1061 956 1137 quod
984 1061 1088 1122 Graeci

72 1147 275 1229 διεζευγμένον
298 1146 425 1227 ἀξίωμα,
453 1168 506 1208 nos
530 1149 710 1208 disiunctum
734 1149 866 1209 dicimus.
908 1151 940 1208 id
967 1151 1089 1210 huiusce

71 1237 153 1298 modi
172 1239 230 1297 est:
254 1233 319 1297 ‘aut
340 1240 453 1296 malum
477 1241 523 1296 est
545 1239 684 1314 voluptas
708 1242 761 1298 aut
782 1239 895 1299 bonum
918 1243 971 1299 sut
994 1260 1088 1316 neque

70 1326 182 1387 bonum
214 1346 310 1402 neque
342 1328 454 1385 malum
487 1321 551 1387 est'.
603 1328 703 1387 omnia
736 1331 836 1387 autem
869 1348 944 1405 quae
977 1329 1088 1387 disiun-

72 1420 192 1494 guntur,
218 1417 386 1493 pugnantia
409 1435 472 1475 esse
500 1417 579 1475 inter
601 1435 663 1476 sese
691 1421 818 1492 oportet,
848 1437 1008 1494 eorumque
1037 1438 1087 1494 op·
1102 1435 1129 1475 so

71 1505 180 1580 posita,
213 1525 289 1580 quae
319 1502 504 1583 ἀντικείμενα
528 1504 633 1565 Graeci
665 1506 776 1582 dicunt,
809 1526 844 1565 ea
874 1527 992 1583 quoque
1021 1507 1089 1582 ipsa

72 1595 151 1653 inter
180 1612 211 1653 se
241 1594 366 1654 adversa
396 1614 467 1654 esse.
519 1614 553 1653 ex
584 1595 729 1668 omnibus,
762 1614 838 1670 quae
869 1595 1088 1674 disiunguntur,

70 1703 164 1741 unum
188 1701 250 1742 esse
273 1703 375 1743 verum
399 1684 495 1758 debet,
523 1685 601 1742 falsa
624 1686 728 1742 cetera.
776 1684 854 1759 quod
879 1685 904 1742 si
933 1688 985 1742 aut
1012 1684 1088 1743 nihil

71 1773 205 1831 omnium
236 1792 339 1831 verum
372 1777 425 1831 aut
456 1773 557 1831 omnia
588 1773 725 1848 plurave,
758 1792 848 1848 quem
880 1793 985 1851 unum,
1018 1793 1088 1832 vera

71 1864 160 1920 erunt
183 1866 236 1920 aut
259 1881 335 1938 quae
363 1862 512 1920 disiuncta
538 1865 616 1935 sunt,
644 1880 703 1919 non
726 1861 904 1939 pugnabunt
931 1865 983 1919 aut
1011 1881 1087 1938 quae
1102 1877 1128 1918 ss

71 1950 211 2027 opposita
234 1969 336 2008 eorum
360 1954 437 2021 sunt,
461 1950 611 2008 contraria
634 1951 713 2008 inter
736 1969 798 2010 sese
821 1969 881 2008 non
905 1954 999 2021 erunt,
1023 1954 1088 2009 tum

69 2039 102 2098 id
115 2039 298 2098 disiunctum
311 2039 499 2098 mendacium
511 2041 597 2097 estet
611 2039 781 2115 appellatur
794 2037 1087 2119 παραδιεζειιγμένον,

70 2128 160 2187 sicuti
181 2128 238 2186 hoc
260 2132 314 2203 est,
329 2129 368 2198 ‚in
388 2147 455 2203 quo,
479 2146 555 2203 quae
579 2127 726 2203 opposita,
748 2148 808 2187 non
831 2132 901 2187 sunt
924 2128 1087 2187 contraria:

70 2211 136 2275 ‘eut
155 2217 249 2276 curris
268 2221 320 2276 aut
344 2218 478 2276 ambulas
498 2220 551 2274 aut
569 2213 651 2275 stss’.
683 2237 758 2275 nem
777 2218 843 2293 ipsa
866 2218 987 2292 quidem
1009 2218 1087 2276 inter

70 2324 100 2365 se
124 2305 250 2364 adversa
273 2309 351 2382 sunt,
381 2306 432 2365 sed
455 2306 594 2380 opposita
622 2325 724 2364 eorum
746 2327 805 2365 non
836 2310 985 2384 pugnant3
1016 2302 1087 2366 ‘non
1100 2323 1127 2362 ιι

70 2391 234 2453 ambulare’
264 2395 344 2453 enim
367 2398 397 2453 et
427 2387 497 2453 ‘non
522 2390 613 2453 stare'
638 2398 668 2453 et
692 2390 762 2453 ‘non
785 2391 912 2454 currere’
938 2396 1087 2454 contraria

70 2483 149 2542 inter
171 2502 233 2543 sese
256 2503 316 2542 non
340 2487 417 2559 sunt,
441 2483 584 2560 quonism
606 2483 757 2542 contraria
779 2503 815 2542 ea
837 2485 985 2560 dicuntur,
1010 2504 1086 2560 quse

69 2572 158 2631 simul
182 2591 253 2632 vera
276 2591 337 2632 esse
360 2592 420 2632 non
445 2577 571 2648 queunt3
594 2573 688 2648 possis
713 2573 791 2631 enim
812 2573 901 2632 simul
925 2575 1086 2649 eodemque

69 2663 202 2736 tempore
224 2681 319 2737 neque
343 2662 494 2720 ambulare
517 2680 612 2736 neque
636 2666 714 2720 stare
738 2681 833 2737 neque
856 2681 980 2720 currere.

142 2795 209 2850 dell.
225 2799 270 2861 16,
285 2800 304 2849 8
322 2813 385 2850 cum
405 2796 435 2848 in
450 2795 614 2865 disciplinas
633 2795 798 2849 dialecticas
816 2795 913 2849 induci
933 2797 1018 2864 atque
1036 2795 1085 2848 im·

67 2865 117 2920 bui
131 2866 273 2932 vallemus,
292 2883 422 2921 necessus
436 2867 492 2921 fuit
511 2867 589 2921 adire
608 2869 693 2933 atque
707 2883 882 2936 cognoscere,
901 2883 971 2934 ques
985 2869 1086 2920 vocant

68 2936 212 2992 dialectici
231 2937 391 3007 εἰσαγωγάς.
431 2940 499 3003 turn,
520 2938 587 3005 quia
606 2938 744 3006 inprime
763 2938 827 3006 περὶ
845 2937 1010 3006 ἀξιωμάτων
1029 2938 1085 2994 dis·

68 3008 201 3076 cendum,
225 3025 297 3077 quae
320 3024 433 3063 unvano
448 3040 475 3048 -
488 3025 593 3074 apponat,
616 3009 848 3063 commentarium
871 3006 907 3064 de
929 3009 1084 3078 proloquiis

67 3079 97 3135 L.
117 3080 192 3137 Aelii
220 3081 296 3142 docti
319 3081 453 3147 hominis,
482 3081 531 3148 qui
553 3081 689 3149 magister
707 3080 841 3134 Varronis
863 3081 931 3147 fuit,
960 3081 1085 3134 studiose

68 3151 259 3222 quaesivimus
281 3184 322 3205 -.
360 3152 484 3211 redimus
508 3152 596 3220 igitur
618 3153 774 3206 necessario
794 3152 831 3204 ad
850 3151 970 3206 Graecos
989 3151 1083 3206 libros.

67 3237 101 3277 ex
120 3221 223 3292 quibus
243 3223 401 3295 accepimus
424 3220 533 3293 ἀξίωμα
552 3238 611 3276 esse
630 3222 674 3274 his
693 3222 797 3276 verbis:
826 3223 923 3278 λεκτὸν
942 3221 1086 3286 αὐτοτελὲς

66 3290 238 3362 ἀπόφαντον
264 3291 330 3354 ὅσον
356 3290 397 3364 ἐφ’
426 3294 510 3366 αὐτῷ.
548 3293 601 3347 hoo
625 3310 677 3364 ego
701 3294 845 3362 supersedi
870 3297 990 3361 vertere,
1017 3293 1085 3361 quia

66 3364 146 3419 novis
165 3367 194 3420 et
211 3364 363 3434 inconditis
382 3365 497 3421 vocibus
515 3365 651 3420 utendum
669 3365 737 3432 fuit,
761 3383 830 3434 ques
853 3366 916 3434 pati
935 3381 1016 3419 aures
1034 3381 1086 3433 per

66 3435 247 3492 insolentiam
261 3436 307 3492 vix
320 3439 442 3511 possent.
458 3436 507 3490 sed
521 3451 666 3493 rsvmo—
676 3435 731 3503 uxi,
745 3451 900 3503 proloquium,
910 3437 981 3489 ald.
992 3438 1100 3487 autem

67 3505 200 3563 Cicerone
225 3507 303 3582 [tusc.
319 3513 345 3574 1,
359 3508 405 3634 1?
428 3508 658 3580 pronuntiatum,
681 3526 739 3582 quo
761 3507 817 3567 illc
838 3511 946 3563 tamen
963 3501 1117 3577 roselmus

66 3578 205 3645 tantisper
230 3577 273 3633 uti
296 3595 328 3633 se
359 3582 521 3640 atestatus
551 3586 610 3657 est,
642 3585 758 3658 'quoad
783 3581 903 3641 menos
937 3574 1047 3642 'unffi
1070 3569 1138 3616 Ἢ·

853 3670 910 3730 ld*
