2422 3840
123 197 190 262 416
272 174 481 250 Grammaticus
499 195 602 249 aetatis
620 194 813 250 Varronianae
830 194 991 264 fragmenta

196 359 276 412 aliter
296 359 383 412 Varro
396 358 431 424 fr.
447 360 509 411 221.
542 357 658 421 sonasse
675 357 741 411 hoec
754 357 903 425 posteriore
922 363 1010 410 aetate
1029 357 1142 411 Verrius

205 430 301 495 iteca,
323 429 358 495 cf.
374 429 490 497 Festp.
506 432 638 493 3130,13
662 428 771 496 (Verrio
790 434 912 482 auctore:
934 426 1083 480 stelionem
1107 458 1142 468 -

123 500 170 554 dic
193 503 262 565 tum,
282 500 351 567 quia
368 498 442 552 virus
460 498 604 570 in>stillet
622 498 704 568 cibo).

621 653 640 708 9

192 775 289 849 Quint.
315 779 343 842 1,
370 778 397 842 6,
418 776 461 833 38
493 775 615 850 quidam
645 794 704 833 non
735 773 911 832 dubitarunt
941 774 1140 850 etymologiae

123 864 256 923 subicere
285 883 402 922 omnem
432 865 561 922 nominis
585 881 713 937 causam,
737 866 771 920 ut
796 895 837 902 -
862 882 897 921 ex
920 881 993 921 sono
1017 865 1142 921 stertere

123 971 322 1028 murmurare,
346 955 437 1011 etiam
460 952 604 1026 derivata,
630 954 664 1010 ut
688 972 706 1010 a
729 953 888 1011 velocitate
912 951 1141 1027 dicitur'velox‚

123 1045 154 1099 et
177 1045 342 1117 composita
368 1043 456 1117 plura
483 1042 529 1100 his
557 1041 682 1114 similia,
711 1060 788 1116 quae
815 1042 879 1100 sine
902 1040 992 1099 dubio
1020 1040 1141 1099 aliunde

124 1131 270 1209 originem
294 1131 415 1204 ducunt,
439 1130 490 1189 sed
513 1133 577 1190 arte
600 1149 660 1188 non
684 1133 779 1208 egent.

611 1294 653 1348 10

192 1415 288 1490 Quint.
314 1420 342 1482 1,
364 1415 392 1483 5,
415 1418 456 1474 67
493 1414 673 1474 solitaurilia
705 1415 766 1472 iam
797 1433 971 1490 persuasum
998 1390 1048 1473 'est
1077 1434 1140 1474 esse

124 1505 352 1579 suovetaurilia,
376 1507 407 1563 et
434 1523 505 1563 sane
536 1507 580 1562 ita
608 1523 639 1562 se
668 1503 759 1562 habet
789 1523 915 1577 sacrum,
944 1504 1033 1578 quale
1062 1504 1143 1578 apud

123 1593 287 1652 Homerum
314 1613 431 1669 quoque
455 1596 507 1652 cst.

195 1693 276 1746 aliter
304 1693 380 1762 Volo.
405 1692 474 1756 Ros.
493 1693 529 1758 fr.
548 1695 574 1747 2,
603 1693 637 1757 cf.
653 1692 727 1746 Fest.
746 1694 940 1759 p.293a,10.
974 1691 1047 1745 Sero.
1072 1692 1141 1744 Aeo.

124 1767 151 1829 9,
166 1767 227 1818 624.
258 1763 334 1818 coc
349 1765 386 1816 11
397 1768 461 1829 rec,
477 1769 500 1817 1.
528 1763 653 1829 waes,
668 1767 711 1816 56.

191 1911 334 1974 praetereo
359 1906 424 1960 huic
448 1907 504 1971 fere
529 1907 615 1960 aetati
639 1905 855 1958 innumerabilia
880 1911 970 1974 etymo
995 1907 1143 1960 tribuenda

124 1984 197 2042 suot,
216 1994 323 2045 quaec
341 1979 433 2032 Paulo
449 1979 582 2045 Festoque
601 1979 698 2031 omaso
717 1977 825 2030 comicae
844 1978 964 2031 auctoris
982 1977 1142 2030 traduntur.

612 2130 652 2184 11

194 2253 305 2328 quibos
339 2255 435 2311 otium
467 2257 497 2311 et
530 2252 663 2311 studium
694 2253 753 2309 fuit
784 2251 863 2310 vitas
901 2255 991 2326 atque
1028 2255 1142 2311 aetates

126 2341 281 2401 doctorum
312 2343 466 2400 hominum
501 2359 643 2416 quaerere
675 2359 710 2399 ac
742 2341 903 2399 memoriae
939 2341 1069 2416 tradere,
1108 2341 1144 2399 de

125 2430 164 2491 M.
179 2429 310 2490 Pacuvio
326 2433 356 2489 et
369 2429 402 2489 L.
419 2432 508 2490 Accio
527 2432 651 2507 tragicis
669 2431 766 2505 poetis
785 2430 942 2488 historiam
960 2429 1144 2506 scripserunt

124 2519 248 2579 huiusce
280 2519 376 2578 modi:
408 2537 484 2578 cum
515 2519 693 2578 Pacuvius
729 2518 872 2593 inquiunt
908 2519 1037 2596 grandi
1074 2518 1144 2577 iam

100 2612 248 2667 saetate
272 2611 306 2666 et
327 2607 448 2666 morbo
472 2611 638 2682 corporis
657 2607 802 2667 diutino
826 2607 992 2666 adfectus
1010 2609 1144 2666 Taren·

125 2699 200 2756 tum
224 2717 263 2756 ex
286 2698 371 2755 urbe
389 2697 498 2755 Roma
521 2699 778 2771 concessisset,
800 2695 931 2755 Accius
952 2700 1037 2756 tunc
1056 2697 1145 2755 haut

125 2805 237 2862 parvo
261 2786 383 2844 iunior
404 2785 643 2860 proficiscens
667 2786 703 2844 in
724 2785 859 2858 Asiam,
882 2804 960 2844 cum
982 2786 1018 2842 in
1042 2788 1143 2861 oppi-

127 2875 207 2933 dum
234 2876 408 2949 venisset,
438 2875 596 2934 devertit
624 2875 667 2933 ad
694 2874 891 2933 Pacuvium
920 2874 1144 2950 comiterque

127 2965 308 3023 invitatus
332 2963 590 3039 plusculisque
608 2965 650 3021 ab
672 2982 710 3022 eo
734 2963 859 3022 diebus
882 2965 1045 3021 retentus
1070 2966 1143 3023 tra·

87 3052 293 3131 rogoediam
315 3072 426 3127 suam,
450 3055 507 3111 cui
526 3053 656 3111 Atreus
680 3071 804 3110 nomen
826 3055 893 3124 est,
916 3052 1144 3111 desideranti

126 3142 227 3219 legit.
272 3146 337 3200 tum
361 3141 524 3200 Pacuvium
552 3142 660 3200 dixisse
688 3141 773 3200 aiunt
796 3159 904 3200 sonora
927 3140 1048 3215 quidem
1071 3159 1143 3217 esse,

128 3250 207 3306 quae
239 3232 419 3306 scripsisset,
451 3234 481 3288 et
513 3230 652 3307 grandia,
685 3230 737 3288 sed
765 3230 861 3289 videri
892 3233 996 3287 tamen
1027 3249 1062 3288 ea
1086 3230 1144 3288 sibi

128 3320 251 3378 duriora
272 3321 395 3395 paulum
414 3322 444 3378 et
464 3319 624 3378 acerbiora
665 3319 718 3377 ita
741 3322 807 3392 est,
831 3318 930 3393 inquit
948 3317 1066 3394 Accius,
1089 3319 1144 3377 uti

127 3409 234 3484 dicis,
267 3414 379 3485 neque
407 3409 522 3467 idme
550 3426 633 3466 sane
660 3408 839 3484 paenitet,
869 3408 1018 3466 meliora
1048 3410 1144 3466 enim

68 3515 98 3555 15
109 3499 193 3558 fore
216 3517 338 3579 spero,
368 3519 460 3580 quae
484 3497 655 3577 deinceps
682 3497 844 3558 saritam.
885 3514 965 3553 nam
987 3497 1081 3569 quod
1108 3499 1145 3555 in

92 3591 232 3671 pomis,
268 3594 406 3657 itidem
437 3594 546 3676 inquit
573 3611 655 3654 esse
680 3590 790 3650 aiunt
806 3587 850 3643 in
866 3581 1047 3658 ingeniis,
1069 3600 1160 3652 uuae
