2422 3840
129 190 195 255 326
278 189 484 246 Grammaticae
503 189 604 245 aetatis
622 191 813 247 Varronianae
832 191 991 263 fragmenta

200 353 274 407 Ptin.
293 370 321 406 n.
340 353 365 405 h.
385 356 434 419 36,
454 356 508 407 117
529 366 619 407 theatro
638 385 665 392 -
686 367 873 416 amphitheatrum
901 352 1147 422 gladiatorumque

128 422 236 492 proelia
260 423 374 488 edebat,
399 423 493 493 ipsum
515 424 606 494 magis
631 425 807 478 auctoratum
829 425 964 494 populum
988 425 1147 479 Romanum

129 494 332 548 circumferens.
370 496 404 562 of.
424 496 462 551 ad
479 497 515 563 fr.
531 499 593 550 309.

203 626 216 673 1
232 619 406 689 amplissime
420 621 498 676 Laid.
514 636 602 674 -mae
620 621 696 676 Ricc.
712 622 804 675 Paris.
824 621 889 675 Lot.
904 625 990 676 6797.-
1008 639 1056 675 em.
1072 623 1145 676 Bor-

131 693 215 747 boros
305 697 320 744 3
340 691 427 744 editio
447 692 522 746 Ricc.
543 691 652 747 aedicio
671 693 749 747 Leid.
842 698 857 745 5
877 694 975 746 contra
993 693 1051 746 stat
1069 693 1145 748 Ricc.

129 765 195 831 post
212 763 301 817 trinos
320 764 411 817 Porio.
427 764 491 817 Lat.
508 767 582 818 6797
604 765 684 819 Tolet.
709 763 868 832 positrimor
889 763 967 819 Leia.
991 767 1146 832 postremos

129 835 219 888 Rieu:
237 851 284 889 em.
304 835 452 889 Barbaros

602 987 668 1045 315

196 1111 276 1186 apud
308 1109 435 1170 maiores
467 1111 578 1171 theatri
611 1112 720 1189 gradus
752 1113 871 1170 tantum
903 1113 1040 1188 fuerunt,
1076 1132 1147 1171 nam

131 1218 238 1259 scaena
261 1201 296 1258 de
320 1200 412 1278 lignis
435 1201 473 1259 ad
496 1203 613 1276 tempus
634 1201 732 1259 fiebat.
752 1233 796 1241 -·-
816 1219 922 1261 scaena
945 1203 1046 1260 autem
1070 1220 1147 1278 quae

130 1290 229 1364 fiebat,
250 1293 304 1348 aut
317 1290 433 1350 versilis
452 1292 517 1349 erat
537 1293 589 1349 aut
608 1290 741 1365 ductilis;
764 1290 881 1349 versilis
895 1294 967 1349 tuno
987 1294 1060 1366 erat,
1080 1310 1147 1350 cum

131 1378 231 1438 subito
261 1382 327 1438 tota
356 1380 502 1438 machinis
532 1379 711 1455 quibusdam
741 1380 970 1439 convertebatur
997 1382 1028 1438 et
1056 1379 1147 1438 aliam

104 1467 265 1542 ⁶picturae
298 1470 406 1527 faciem
442 1468 630 1544 ostendebat3
667 1468 788 1528 ductilis
820 1472 906 1543 tunc,
943 1488 1010 1529 oum
1041 1472 1148 1528 tractis

130 1556 275 1616 tabulatis
305 1558 361 1616 hac
392 1561 480 1633 atque
504 1557 575 1617 illac
604 1557 716 1634 speeies
746 1559 879 1634 picturae
909 1559 1080 1618 nudabatur
1102 1560 1148 1617 in-

131 1647 231 1704 terior.
264 1680 305 1688 —-
340 1647 420 1723 quod
449 1647 546 1708 Varro
580 1649 610 1706 et
642 1647 801 1706 Suetonius
835 1641 880 1726 [p
905 1651 969 1706 341
984 1642 1036 1727 a]
1070 1667 1148 1707 eom-

130 1740 303 1795 memorant.

202 1851 274 1906 Serv.
290 1853 367 1924 Verp.
381 1871 407 1924 9.
423 1857 449 1920 3,
463 1858 499 1908 94
518 1869 578 1917 apua
592 1868 686 1908 maiores
700 1886 726 1893 -
740 1869 814 1908 necat.
839 1854 914 1908 unde
932 1853 1072 1921 hodieque
1086 1870 1149 1922 per-

132 1924 237 1977 mansit
255 1924 441 1993 consuetud0‚
460 1927 493 1978 ut
511 1926 715 1993 componantur
733 1927 867 1994 pegmata
886 1944 902 1979 a
920 1925 1050 1979 ludorum
1068 1926 1148 1979 thea-

132 1994 247 2048 tralium
262 1995 425 2049 editoribus,
444 2023 525 2052 scaena
538 2030 564 2037 -
577 2010 676 2050 nterim.
695 1997 770 2050 unde
783 1997 872 2065 perite
887 1999 1037 2065 utrumque
1052 1997 1150 2065 tetigit

132 2066 227 2120 dicens
252 2067 349 2120 ‘versis
369 2067 496 2121 discedat
514 2067 663 2122 frontibus’
689 2067 801 2136 singula
823 2068 941 2138 singulis
960 2067 1149 2136 complectens

132 2137 312 2192 sermonibus.
332 2153 393 2201 quod
406 2172 432 2178 —
446 2157 624 2212 commemorent.
657 2141 691 2205 cs.
707 2140 767 2193 Val.
783 2143 864 2194 Max.
878 2144 906 2206 2,
920 2144 945 2206 4,
961 2144 986 2193 6.

203 2268 218 2315 2
238 2263 279 2318 bis
298 2263 401 2317 schena
419 2265 511 2318 Paris.
528 2268 599 2320 7959
618 2280 700 2317 scena
716 2266 773 2319 rell.
829 2265 831 2268 ’

590 2452 685 2510 *316

202 2575 391 2649 translatum,
415 2578 503 2634 antea
522 2576 656 2635 Poenicis
675 2576 813 2635 indutum
835 2577 943 2635 tunicis
965 2577 1002 2635 M.
1019 2576 1150 2636 Scaurus

135 2665 282 2738 exquisito
306 2685 412 2742 genere
435 2665 526 2725 vestis
549 2667 665 2726 cultum
688 2667 813 2725 induxit.

209 2782 267 2834 Vol.
284 2783 364 2835 Mox.
379 2786 406 2847 9,
421 2786 445 2847 4,
462 2786 480 2835 6
497 2799 629 2837 translatum
643 2815 669 2822 -
681 2797 778 2837 induxit.
810 2785 844 2850 of.
867 2785 985 2838 Mamer
1003 2783 1070 2837 ibid.
1089 2784 1106 2836 t.
1127 2800 1148 2836 c

205 2909 218 2956 1
239 2904 380 2973 poeniceis
404 2907 461 2960 eod.
481 2907 603 2960 Atrebat.
629 2908 739 2978 Paphia
767 2908 802 2973 cf.
819 2909 878 2962 Vol.
899 2907 980 2961 Mau.
995 2911 1022 2972 9,
1043 2912 1069 2973 6,
1088 2912 1108 2961 2
1126 2914 1151 2962 ct

133 2976 297 3033 Lachmann
315 2978 352 3030 ad
371 2978 454 3032 Lacr.
471 2996 500 3047 p.
517 2983 570 3033 193

590 3147 685 3205 *317

201 3269 251 3328 On.
278 3270 436 3346 Pompeius
467 3274 536 3329 ante
560 3290 660 3330 omnes
684 3291 781 3347 aquae
804 3292 857 3348 per
880 3271 1001 3330 semitas
1025 3272 1150 3332 decursu

134 3360 279 3418 aestivum
304 3360 413 3417 minuit
435 3360 589 3420 fervorem.

210 3477 266 3530 Val.
283 3477 366 3531 Max.
381 3480 408 3544 2,
423 3482 448 3543 4,
464 3482 482 3530 6
501 3490 539 3530 On
557 3509 584 3516 -
597 3492 712 3533 fervorem.

180 3606 198 3653 1
214 3603 325 3670 gneius
345 3606 441 3664 Leuc.
461 3623 555 3682 gneus
576 3605 665 3662 Bere.
