2422 3840
133 195 199 260 500
299 193 505 249 Grammaticae
525 194 627 246 aetatis
646 194 813 261 Augusteae
832 193 992 262 fragmenta

546 363 567 419 s
591 355 638 440 [p.
659 337 736 440 500]

203 490 300 546 neque
332 468 646 527 tuburchinabundum
676 471 707 526 et
735 467 1005 526 lurchinabundum
1033 470 1096 526 iam
1126 471 1158 525 in

134 560 220 618 nobis
250 561 409 635 quisquam
436 559 528 631 ferat,
555 557 627 615 licet
650 556 724 616 Cato
754 558 795 615 sit
823 560 926 615 auctor
954 551 1023 634 [iac.
1045 560 1086 615 49
1101 555 1157 634 J.],

26 717 30 726 ¹
135 667 189 707 nec
212 649 267 707 hos
290 648 410 721 lodices,
434 665 617 722 quamquam
639 646 671 703 id
694 645 824 704 Pollioni
847 647 953 721 placet.

211 747 304 817 Quint.
320 752 345 812 1,
361 751 387 812 6,
400 750 437 800 42
459 770 532 807 ncqus
551 744 626 796 enlm
640 759 876 798 tuburchinabundum
890 777 916 783 -
929 760 1010 810 placet,
1028 761 1081 798 nec
1095 745 1157 815 gla-

137 818 227 883 diola,
249 818 328 885 atqui
346 815 480 870 Messalla
498 815 582 880 dixit,
606 831 658 868 nec
676 815 891 883 parricidatum‚
912 816 987 883 quod
1010 815 1040 868 in
1061 813 1157 871 Caelio

135 889 183 942 rix
197 887 346 942 tolerabile
359 889 478 951 videtur,
498 903 549 939 nec
564 886 650 940 collos
667 885 737 939 mihi
752 885 853 940 Calvus
866 885 1045 954 persuaserit.
1077 890 1157 944 uerbo

138 961 252 1028 ‘placet'
271 960 388 1025 fortusse
403 965 579 1027 pracceptum
598 958 754 1024 indicatum
780 960 814 1024 cf.
835 959 948 1013 Hardcr
966 960 983 1012 l.
999 975 1020 1011 c.
1040 976 1071 1027 p.
1093 963 1157 1015 370.

136 1033 217 1086 aliter
237 1033 341 1101 Meyer,
362 1028 469 1085 0RF²
482 1047 512 1098 p.
529 1033 592 1083 500.

550 1181 568 1237 9
594 1173 641 1258 [p.
662 1173 739 1257 roc]

202 1290 262 1345 iam
289 1288 401 1346 evaluit
426 1282 524 1344 ‘rebus
548 1280 724 1362 agentibus',
750 1286 828 1360 quod
851 1286 947 1344 Pollio
969 1287 1002 1344 in
1020 1287 1156 1348 Labieno

136 1377 268 1435 damnat.

210 1475 303 1544 Quint.
320 1479 345 1540 9,
360 1478 385 1539 3,
401 1479 435 1527 13
454 1475 487 1525 ut
504 1489 550 1526 iam
563 1488 701 1538 -damnat,
720 1476 749 1525 et
765 1473 964 1526 contumeliam
982 1474 1060 1540 fecit,
1080 1476 1157 1544 quod

137 1563 154 1599 a
169 1545 301 1600 Cicerone
315 1544 445 1613 reprendi
459 1546 558 1598 notum
573 1546 628 1610 est;
647 1544 724 1598 affici
738 1544 813 1596 enim
827 1544 998 1597 contumelia
1013 1546 1156 1600 dicebant.

209 1659 223 1705 1
243 1652 300 1705 iam
318 1651 466 1721 Spaldiup:
486 1667 552 1703 nam
641 1649 751 1704 lavieno
770 1653 810 1706 cel
828 1650 938 1705 lamsno
957 1653 1034 1706 codd.

626 1805 666 1860 10

206 1910 238 1966 in
257 1910 325 1967 Tito
344 1907 430 1968 Livio
453 1910 547 1966 mirae
570 1909 726 1967 facundiae
750 1910 813 1968 viro
832 1911 920 1985 putat
942 1911 1038 1968 inesse
1057 1909 1155 1968 Pollio

138 1998 262 2058 Asinius
286 1998 436 2074 quandam
458 1997 701 2056 Patavinitatem.
726 2044 729 2050 .

212 2096 305 2166 Quint.
320 2101 346 2162 8,
361 2101 387 2162 1,
402 2101 419 2150 3
438 2097 504 2148 etin
518 2109 568 2149 rito
582 2128 608 2134 -
622 2110 801 2149 Patavmitatem.
829 2112 923 2163 quare,
939 2096 963 2148 si
977 2096 1039 2149 fieri
1052 2099 1154 2165 potest,

139 2170 166 2221 et
185 2167 270 2220 verba
289 2167 384 2221 omnia
402 2168 431 2221 et
449 2183 501 2220 vor
520 2167 603 2220 huius
623 2167 766 2219 alumnum
789 2166 866 2220 urbis
886 2166 993 2233 oleant,
1012 2170 1045 2220 ut
1064 2169 1154 2222 oratio

137 2239 266 2292 Romana
289 2238 373 2307 plane
396 2239 538 2303 rideatur,
561 2254 617 2291 non
641 2238 753 2292 civitate
779 2239 891 2292 donata.
928 2240 992 2292 item
1019 2239 1113 2308 Quivit.
1130 2245 1154 2305 1,

139 2314 164 2377 5,
179 2315 215 2363 55
233 2310 381 2379 peregrina
403 2325 485 2379 porro
509 2325 543 2362 cx
565 2309 693 2362 omnibus
716 2326 802 2379 prope
822 2308 939 2362 dixerim
958 2311 1104 2377 gentibus,
1124 2313 1155 2363 ut

138 2381 277 2446 homines,
301 2383 333 2434 ut
355 2381 487 2435 instituta
506 2381 592 2433 ctiam
615 2380 705 2433 multa
724 2383 865 2434 venerunt.
902 2382 982 2433 taceo
1003 2383 1037 2434 de
1057 2381 1154 2435 Tuscis

139 2456 168 2505 ct
194 2452 305 2505 Sabinis
333 2455 361 2505 et
386 2451 574 2505 Praenestinis
600 2469 723 2520 quoque,
751 2467 817 2504 nam
844 2454 877 2504 ut
905 2468 1000 2504 eorum
1028 2470 1153 2507 sermone

138 2526 265 2577 utentem
282 2522 409 2576 Vettium
432 2521 556 2576 Lucilius
578 2522 744 2590 insectatur,
768 2539 851 2590 quem
874 2523 1045 2576 admodum
1064 2523 1154 2578 Pollio

138 2593 283 2663 reprendit
314 2594 342 2646 in
373 2594 452 2647 Livio
480 2593 713 2659 Patavinitatem‚
746 2594 813 2647 licet
845 2594 939 2647 omnia
970 2593 1072 2648 Italica
1104 2612 1154 2664 pro

139 2665 272 2718 Romanis
298 2665 426 2718 habeam.
465 2683 534 2733 quac
556 2667 621 2720 baec
640 2667 818 2720 Pacuvianus
840 2667 925 2731 fucrit
946 2682 1026 2734 saepe
1048 2669 1153 2735 quoesi-

139 2744 198 2791 tum
225 2743 277 2802 est;
309 2739 442 2791 orationis
476 2739 588 2790 colorem
620 2740 754 2806 quendam
782 2739 960 2806 perscribam
990 2739 1078 2803 fuisse
1109 2755 1154 2809 epo

139 2809 270 2862 caiatimu

476 2926 516 2980 11
543 2916 656 3001 [nan
679 2926 698 2980 4
718 2918 813 3002 Peter]

207 3046 304 3105 Pollio
337 3046 459 3105 Asinius
495 3044 602 3122 parum
638 3047 798 3125 diligenter
832 3066 1000 3123 parumque
1037 3049 1156 3126 integra

140 3135 268 3194 veritate
302 3137 479 3211 compositos
512 3138 602 3211 putat
635 3130 866 3214 [commentarios
887 3131 1051 3216 Caesaris],
1090 3157 1156 3197 cum

143 3223 251 3283 (laesar
282 3226 424 3300 pleraque
456 3227 486 3282 et
517 3243 592 3299 quae
622 3244 675 3301 per
705 3226 779 3284 alios
812 3228 897 3282 crant
928 3228 1014 3302 gesta
1044 3229 1155 3285 temere

141 3313 300 3371 crediderit
319 3319 349 3372 et
368 3333 443 3388 quae
463 3333 516 3388 per
539 3332 578 3388 se,
601 3315 651 3373 vel
673 3315 809 3373 consulto
830 3315 879 3373 vel
897 3313 988 3372 etiam
1011 3319 1155 3375 memoria

132 3403 241 3480 lapsus
272 3392 432 3482 perperam
464 3401 603 3478 ediderit,
639 3405 847 3479 existimatque
879 3403 1095 3479 rescripturum
1128 3408 1157 3463 et

120 3500 338 3558 correcturum
361 3498 468 3559 fuisse.

184 3599 268 3660 Suet.
288 3603 352 3662 Iul.
368 3607 410 3660 56
432 3616 513 3660 rouro
531 3633 560 3641 -
579 3611 660 3654 ruse·
