2422 3840
121 208 187 273 448
288 208 492 263 Grammaticae
512 209 614 263 aetatis
632 208 794 276 Augustese
812 209 972 280 fragments

122 369 313 448 separaverint
331 369 362 422 id
381 370 417 423 ab
436 369 500 422 aliis
514 368 643 438 partibus
657 368 836 439 grammatici
852 371 881 422 et
893 369 1000 438 primus
1015 370 1140 440 Trypho,

122 459 205 510 quem
214 439 382 510 Apollonius
392 456 502 509 quoque
513 440 647 508 sequitur,
656 440 794 506 maximus
809 442 907 494 auctor
920 441 989 495 artis
998 458 1139 511 gramma·

121 511 204 566 ticae.
232 525 302 566 Stolos
320 511 395 566 enim
409 512 548 579 quomodo
563 521 682 566 emturum
695 543 722 551 -
736 526 764 566 ss
775 525 888 566 latinitate
902 511 1024 581 (linitum
1042 514 1145 566 autem·

122 583 273 637 articulum
292 583 424 637 dicebant
441 583 518 636 idem
535 581 630 650 Stoici,
649 583 726 651 quod
743 599 818 636 nunc
835 599 989 652 pronomen
1007 600 1139 638 vocamus

121 655 245 719 finitum,
269 655 344 723 quod
368 656 396 708 et
413 671 479 708 vera
503 653 613 707 ratione
632 653 722 707 solum
739 670 893 722 pronomen
912 655 956 707 est
974 653 1138 709 dicendum:

122 743 188 796 crgo
204 725 326 779 Romani
343 742 455 794 quoque
474 725 579 779 artium
596 725 744 793 scriptores
764 724 920 779 Stoicorum
939 725 1028 779 secuti
1045 727 1139 795 magis

121 796 304 852 traditionem
322 797 489 866 pronomine
507 796 588 850 finita
603 796 733 849 dixerunt
747 797 776 850 et
789 796 909 863 infinita,
923 814 989 850 nsm
1003 797 1139 852 articulos

121 885 178 922 non
196 869 326 938 habent),
350 867 391 922 sic
413 868 502 936 igitur
524 884 609 936 supra
632 867 703 921 dicti
724 867 886 937 philosophi
912 867 999 921 etiam
1022 869 1140 938 partici-

121 939 202 1008 pium
220 939 335 993 aiebant
353 938 573 1009 appellationem
591 955 651 993 esse
669 939 843 1008 reciprocam
855 939 887 992 id
905 940 949 992 est
963 939 1140 994 ἀυταυυίκία-

123 1026 188 1065 στου
211 1008 403 1080 προσηγορίαν
428 1011 482 1064 hoc
504 1010 600 1064 modoz
620 1009 728 1079 ‘legens
752 1011 795 1063 est
812 1010 912 1064 lector'
933 1012 961 1064 et
981 1010 1081 1064 ‘lector
1099 1010 1140 1064 le-

122 1082 212 1151 gens’.
231 1084 266 1149 cf.
292 1085 374 1136 etiam
394 1082 480 1137 Prisc.
494 1083 552 1136 III
563 1084 659 1148 492,8
681 1082 780 1151 (υίυκυο
799 1082 940 1152 Didymae
962 1083 1139 1151 appellatur),

121 1155 251 1208 υκίυοκοα
270 1154 302 1207 de
319 1170 349 1208 rc
367 1153 529 1220 RSctmidt,
548 1153 580 1207 de
598 1153 679 1208 Stoic.
698 1171 811 1223 promta.
826 1170 856 1221 p.
872 1157 908 1207 39
916 1169 954 1221 sq.

190 1393 341 1451 sciendum
361 1392 440 1468 quod
463 1391 598 1452 videmur
619 1394 651 1450 in
674 1393 837 1468 praeterito
859 1393 990 1468 perfecto
1009 1393 1139 1467 plerum-

19 1522 21 1526 *
123 1500 182 1557 que
204 1482 352 1558 berytona
376 1499 495 1557 quoque
515 1479 695 1540 Graecorum
716 1482 832 1540 imitari
853 1483 886 1539 in
905 1483 1139 1540 commutatione

123 1572 351 1630 consonantium
379 1573 455 1629 teste
483 1569 626 1646 Didymo,
658 1571 713 1645 qui
742 1570 899 1629 ostendens
929 1571 1030 1628 omnia
1060 1589 1139 1645 quae

122 1659 234 1718 habent
255 1662 288 1718 in
308 1662 370 1718 crte
390 1658 498 1718 Graeci
519 1659 627 1718 habere
650 1662 741 1719 etiam
761 1659 893 1733 Latinos,
917 1660 1058 1735 exemplis
1082 1659 1139 1720 hoc

96 1748 279 1825 capprobat.
322 1769 392 1807 nam
416 1769 483 1809 cum
505 1748 634 1825 primam
657 1750 897 1826 coniugationem
921 1748 1024 1807 dicunt
1047 1749 1137 1826 βαρυ-

122 1836 227 1912 τόνων,
247 1856 323 1913 quae
340 1842 401 1896 tres
420 1840 564 1915 cognatas
582 1838 673 1896 habet
691 1840 896 1911 consonantes,
915 1837 946 1895 id
965 1841 1009 1896 est
1028 1837 1048 1914 β
1066 1860 1088 1894 π
1106 1860 1139 1913 φ,

122 1945 177 2002 pro
205 1945 265 2002 qua
291 1945 346 1986 nos
373 1928 416 2002 ph
443 1926 599 1985 scribimus
626 1926 658 1984 in
686 1926 849 2002 plerisque,
882 1929 912 1985 et
938 1928 971 1984 in
999 1925 1138 1991 omnibus

122 2016 211 2075 huius
239 2016 458 2093 coniugationis
485 2014 584 2074 verbis
607 2035 661 2091 per
684 2029 709 2087 ψ
733 2015 884 2074 declinant
907 2012 1054 2094 ἀόριστον,
1081 2015 1138 2074 hoc

123 2108 168 2164 est
195 2107 391 2182 praeteritum
419 2104 570 2162 infinitum
600 2106 699 2180 spatio
729 2107 885 2180 temporis,
915 2108 1016 2163 utrum
1045 2105 1137 2179 paulo

82 2198 192 2254 scente
222 2212 261 2252 an
290 2194 385 2253 multo
415 2194 456 2252 sit
484 2194 663 2268 perfectum,
695 2196 729 2252 ut
758 2193 858 2274 κρύβω
888 2191 1016 2271 ἔκρυψα,
1048 2192 1137 2251 λείπω

122 2281 237 2359 iterus,
263 2279 374 2359 ἄλείφω
397 2278 516 2358 ticeps,
546 2301 600 2341 nos
624 2301 741 2358 quoque
763 2284 795 2340 in
818 2284 982 2358 praeterito
1005 2283 1137 2357 perfecto

123 2403 164 2413 -—
194 2389 261 2431 cum
288 2373 320 2429 in
349 2373 500 2447 praesenti
529 2373 562 2429 in
588 2370 626 2430 bo
653 2372 701 2430 vel
731 2373 763 2429 in
792 2390 832 2447 po
860 2371 977 2429 desinat
1005 2369 1138 2445 verbum,

122 2460 297 2536 plerumque
315 2462 348 2518 in
371 2463 420 2536 psi
440 2461 565 2519 facirnus
588 2462 784 2535 praeteritum
807 2461 972 2536 perfectum
993 2461 1027 2518 in
1047 2462 1138 2518 tertia

123 2551 341 2626 coniugatione,
364 2552 399 2608 ut
422 2550 518 2609 scribo
542 2552 656 2625 scripsi,
679 2549 758 2608 nubo
777 2551 875 2624 nupsi,
897 2550 1000 2623 scalpo
1018 2549 1137 2625 scalpsi,

83 2655 108 2696 so
122 2657 194 2714 repo
217 2640 309 2714 repsi;
333 2657 404 2696 nam
426 2657 481 2714 pro
504 2651 530 2714 ψ
549 2637 662 2699 Graeca
685 2638 799 2712 duplici
819 2640 853 2696 in
875 2639 1022 2712 principio
1047 2638 1138 2712 sylla-

123 2726 230 2787 barum
252 2728 352 2802 posita
375 2727 504 2786 Romani
526 2747 561 2804 ps
584 2729 682 2786 solent
704 2727 838 2786 scribere.

195 2827 281 2880 Prisc.
297 2843 327 2892 p.
347 2829 462 2892 445,13
484 2840 599 2880 sciendum
620 2828 716 2879 tamen
738 2840 800 2888 quod
817 2857 844 2865 -
861 2850 902 2880 nos
920 2851 1008 2887 quoquc
1026 2839 1052 2878 in
1069 2843 1138 2887 praet.

122 2910 185 2962 pers,
202 2897 279 2964 quod
297 2913 347 2964 pro
366 2896 573 2965 παρακειμένου
592 2897 680 2951 idest
702 2895 787 2966 paulo
807 2899 873 2950 ante
895 2895 1021 2964 perfecto
1040 2899 1070 2951 et
1088 2912 1138 2963 pro

123 2963 255 3034 ἀορίστου
273 2969 345 3020 teste
364 2967 455 3021 Probo
474 2967 617 3034 habemus,
636 2985 701 3021 nsm
725 2968 817 3021 amavi
839 2964 981 3036 πεφίληκα
1004 2967 1051 3020 καί
1076 2964 1138 3035 ἐφί-

122 3041 193 3107 ίησα
212 3037 361 3107 significat,
381 3038 512 3092 similiter
528 3039 584 3092 feci
601 3037 742 3109 πεποίηκα
761 3040 809 3093 καί
827 3037 954 3107 ἐποίησα,
972 3037 1032 3091 vidi
1051 3037 1138 3106 ἑώρα-

123 3129 160 3162 κα
179 3109 227 3162 καί
246 3104 324 3163 δίδον
347 3110 376 3163 et
398 3109 439 3163 sic
462 3111 558 3164 Omnia
577 3112 681 3174 cetera,
707 3137 757 3164 cum
771 3125 796 3164 ln
808 3124 920 3172 praesenti
932 3141 959 3148 -
972 3123 1074 3163 scribere.
1101 3111 1137 3176 cf.

124 3181 248 3235 Macrob.
264 3197 318 3234 ea'c.
329 3181 420 3236 Paris.
437 3182 529 3237 OGK
544 3182 637 3237 V605.
654 3183 747 3252 Quint.
758 3187 783 3249 1,
794 3186 820 3248 6,
830 3186 873 3236 31.
888 3181 986 3235 Athea.
1001 3184 1045 3246 10,
1055 3184 1136 3234 425⁶.

583 3318 603 3373 4
642 3318 662 3373 4

187 3423 344 3481 sestertius
381 3420 492 3481 dicitur
527 3308 758 3481 semis[t]ertius
796 3453 855 3493 -,
895 3421 951 3479 hoc
987 3424 1032 3478 est
1068 3423 1138 3494 post

102 3509 165 3568 duo
183 3530 317 3588 sequens
344 3515 438 3577 tertio
461 3515 530 3578 loco
554 3515 604 3576 est
624 3513 724 3575 semis.
758 3511 820 3569 lios
843 3528 960 3584 suoque
974 3509 1138 3568 secundum

82 3595 214 3662 Atticos
251 3609 284 3666 et
317 3606 432 3690 ioum,
471 3610 530 3690 qui
568 3607 667 3688 ἥμισυ
704 3601 804 3686 τρίτου
843 3597 985 3655 ursum
1008 3611 1066 3665 pro
1098 3595 1154 3650 tto
