2422 3840
432 157 469 210 M.
489 156 598 210 Tullius
617 156 690 210 Tiro
1002 155 1067 221 393

50 337 118 372 num
137 345 170 365 =
190 320 308 385 Hieram.¹
333 319 369 372 ad
395 336 420 372 a.
447 319 608 382 Amtozo
635 317 718 386 (Suet.
744 319 802 372 reti.
823 335 854 386 p.
870 318 992 386 13611),
1020 319 1069 386 qai
1106 361 1108 367 .

50 391 150 445 rectius
174 391 284 458 scripsit
312 390 490 444 ‘commeatus
514 389 576 444 est’.
616 389 670 443 Cic.
695 389 733 442 ad
755 391 814 444 Aa.
833 392 877 455 13,
891 392 973 455 25,3
1002 405 1068 461 ergo

51 478 86 515 ne
110 461 206 515 Tironi
229 461 344 528 quidem
367 460 486 527 dictavi,
509 460 558 528 qui
580 461 655 513 totas
678 459 812 532 περιοχὰς
834 459 964 528 persequi
988 459 1067 514 solet.

51 534 85 599 cf.
110 533 185 587 Piut.
213 533 280 587 Cato
307 534 353 586 mi.
376 536 421 586 93.
457 531 519 585 Sea.
543 548 583 600 ep.
607 535 650 585 91.
684 533 789 586 Isidori
811 531 898 586 locam
919 531 1069 586 illustrauit

55 604 169 670 Traube,
188 603 271 658 Arcb.
285 605 306 669 f.
321 603 443 673 Stcuopr.
458 606 494 656 53
509 605 602 672 (1901)
616 621 646 672 p.
662 606 759 672 wora.
778 604 812 669 cs.
832 604 914 657 ctiam
927 619 1018 672 supra*
1031 603 1070 657 ad

52 677 181 730 Bauium
195 692 225 743 p.
236 680 261 728 4.
288 682 369 729 motas
380 675 550 728 Tironiauas'
564 691 633 744 auae
647 681 780 729 uocantur
792 674 899 744 eoiiepit
913 673 1070 729 WScbmite

52 748 132 816 (Ipc.
148 749 238 816 1903).

124 832 168 880 19.
192 827 256 881 Tiro
274 833 369 881 auctor
387 832 609 880 commemoratur
627 843 645 879 a
663 827 759 880 Piiaio
777 843 805 880 u.
819 827 845 888 b.
861 830 886 892 1,
900 831 926 882 2,

124 911 169 960 20.
189 907 254 960 iibri
271 906 453 977 psammatici,
472 921 587 974 quoram
600 907 757 976 srapmcuta
770 911 885 972 castamt,
904 906 983 972 iufra
997 912 1070 961 saut.

125 1122 257 1189 reliquias
275 1121 470 1189 prammaticas
488 1137 521 1174 ea
539 1126 621 1188 parte
632 1111 697 1174 coti.
717 1121 818 1191 Eppcr,
842 1122 906 1175 Lat,
925 1137 1002 1174 serm.
1021 1127 1071 1175 oet.

54 1194 112 1246 reti.
131 1193 176 1246 sci.
196 1193 291 1260 (Paris
311 1194 393 1258 1843)
407 1209 438 1260 p.
454 1195 534 1260 58sq.
567 1191 601 1257 cf.
622 1192 738 1258 ALiou,
762 1193 915 1245 Tirouiaua
935 1191 1073 1260 (Suebodes

56 1265 138 1318 Aret.
155 1270 177 1317 1.
200 1267 272 1317 1824
285 1280 316 1331 p.
331 1265 447 1330 94611).
485 1263 598 1329 Prosop.
617 1265 682 1330 imp,
702 1264 781 1318 Rom.
797 1266 822 1329 3,
837 1264 973 1334 341s282.

400 1513 435 1576 Β.
460 1512 734 1579 FRAGMENTA

367 1687 555 1743 CICERONIS
574 1689 764 1743 LIBRORUM

477 1831 660 1886 EDITIONIS
733 1842 734 1845 ’

132 1960 164 2012 aie
183 1960 300 2012 editioue
314 1958 470 2011 oratiomum
489 1957 524 2024 cf.
539 1956 764 2023 PHiidebraudt,
783 1958 816 2011 dc
829 1958 938 2012 scholiis
953 1958 1008 2012 Cic.
1018 1958 1075 2011 Bo-

61 2029 142 2083 bieus.
163 2030 273 2098 (Bertia
288 2031 371 2097 1894)
390 2045 416 2096 p.
433 2032 509 2097 1411.
515 2049 526 2094 ,·
547 2028 694 2094 LGuriitt,
714 2029 789 2082 Bari.
803 2030 874 2097 phil.
894 2029 985 2082 Woob.
1002 2032 1075 2083 1895

58 2117 86 2170 p.
103 2105 198 2168 bilsa.
236 2101 354 2154 eiusdem
377 2103 419 2154 rei
440 2100 575 2154 iudicium
600 2100 728 2153 babemus
753 2101 784 2151 iu
807 2101 915 2154 duabus
939 2101 1075 2168 subscrip-

61 2173 193 2236 tionibus,
217 2188 286 2239 quae
304 2189 338 2225 ca
360 2172 538 2225 caustissimo
562 2172 711 2239 cuempiam
733 2173 869 2239 exscripta
888 2173 920 2224 iu
938 2171 1077 2225 codicibus

62 2245 249 2311 reperiuntur:
276 2241 405 2295 Statilius
424 2242 562 2296 Maximus
585 2259 695 2296 rursum
718 2243 863 2294 emendavi
883 2241 919 2294 ad
937 2241 1076 2309 Tyronem

64 2317 93 2368 et
115 2314 320 2367 Laetanianum
342 2316 372 2367 at
395 2315 467 2367 dom.
492 2316 521 2367 et
544 2313 614 2367 alios
638 2315 753 2366 veteres.
791 2313 830 2365 HI
852 2314 942 2367 oratio
966 2313 1076 2367 eximia.

62 2392 99 2440 ct:
119 2385 264 2438 emendavi
285 2385 320 2437 ad
335 2384 475 2454 Tyronem
493 2387 522 2438 et
539 2385 753 2438 Laecanianum.
788 2386 851 2438 aeta
869 2385 930 2453 ipso
946 2383 1078 2438 Cicerone

63 2459 92 2510 et
119 2456 242 2509 Antonio
275 2473 363 2509 conss.
392 2457 482 2509 oratio
510 2455 620 2510 XXHII.
671 2457 705 2520 cs.
733 2457 822 2522 tatu,
849 2457 912 2511 Ber.
940 2456 965 2509 d.
992 2456 1077 2510 sicbs.

66 2528 126 2582 Ges.
150 2529 176 2581 d.
204 2529 282 2581 Wiss.
308 2532 379 2581 1851
404 2546 434 2596 p.
455 2531 525 2594 329;
558 2529 701 2597 Kiessiiup,
726 2529 834 2582 coaiect.
858 2529 879 2579 Ι
903 2528 971 2595 (iud.
997 2527 1077 2581 schot.

66 2599 219 2668 Gryphium.
240 2601 322 2668 1883)
336 2616 366 2667 p.
382 2603 400 2652 6
405 2621 414 2666 ;
432 2615 519 2668 supra
538 2601 695 2667 Lampadio
714 2605 770 2653 test.
789 2603 814 2653 4,

405 2736 423 2791 1
448 2725 540 2810 [deest
561 2751 608 2805 op.
628 2726 739 2812 Eppor]

132 2838 292 2897 homines
329 2843 453 2897 tenues
486 2839 636 2898 obscuro
668 2841 746 2898 loco
779 2840 858 2897 nati
889 2838 1078 2914 navigant,

69 2928 201 2986 adeunt
225 2928 267 2984 ad
291 2947 329 2986 ea
352 2929 430 2985 loca
454 2948 542 3004 quaa
565 2948 755 3003 numquam
780 2931 884 2986 antea
905 2927 1078 2986 adierant.

66 3036 179 3092 nequa
203 3018 281 3074 noti
304 3035 379 3075 esse
402 3018 462 3090 iis,
491 3036 557 3092 quo
581 3021 771 3090 venerunt,
802 3036 914 3092 neque
943 3034 1080 3090 semper

66 3126 143 3164 eum
175 3105 425 3182 cognitoribus
458 3124 533 3165 esse
565 3110 731 3181 possunt,
765 3107 829 3164 huc
861 3125 930 3163 una
961 3107 1080 3161 tamen

67 3194 208 3253 fiducia
241 3195 407 3253 civitatis
439 3215 508 3266 mon
537 3196 638 3253 modo
670 3195 760 3270 apud
793 3197 935 3252 nostros
968 3193 1105 3269 magi-s

67 3284 220 3357 stratus,
253 3286 314 3359 qui
342 3288 376 3341 11
403 3285 522 3360 legum
545 3287 579 3341 11
602 3284 887 3342 existimationis
917 3282 1079 3357 periculo

69 3371 314 3446 eontinentur,
348 3392 461 3448 neque
494 3373 586 3447 apud
618 3373 714 3432 cives
747 3373 861 3431 solum
890 3372 1096 3432 Romanus„

70 3462 132 3537 qui
152 3465 185 3520 11
204 3464 376 3520 sermonis
397 3465 431 3519 11
448 3461 540 3521 iuris
560 3467 595 3521 et
612 3463 820 3522 muitarum
838 3476 973 3517 uenum
991 3451 1118 3507 anexe-

68 3555 145 3608 tata
171 3552 287 3608 iuneti
316 3554 413 3627 sunt,
450 3553 530 3613 fore
559 3573 598 3616 se
626 3557 739 3614 tutos
770 3543 1050 3610 sentimum
1077 3519 1155 3578 ’ὠ
