2422 3840
86 138 128 202 38
268 138 474 192 Grammaticus
494 137 744 192 antevarronianae
763 136 922 207 fragmenta

87 298 161 352 ‘viri’
182 315 232 367 per
250 297 260 351 i
279 301 448 353 notaremus.
475 301 503 351 et
521 297 646 352 Lucilius
664 297 695 350 in
717 313 803 352 nono:
826 312 872 351 um
887 329 920 337 -
933 312 978 351 sot.
1010 296 1108 368 Quint.

86 377 111 434 1,
127 375 203 435 7,15
223 369 329 423 diutius
349 369 461 423 duravit
479 372 512 422 ut
530 387 546 423 e
565 371 594 423 et
607 369 618 421 i
632 368 781 438 iungendis
802 369 901 422 eadem
918 368 1030 422 ratione
1049 385 1110 438 qua

86 440 187 495 Graeci
213 461 238 496 ει
263 443 416 495 uterentur.
452 457 486 494 ea
512 441 622 494 casibus
648 440 826 508 numerisque
850 440 970 494 discreta
993 440 1049 506 est,
1075 441 1110 494 nt

85 511 209 566 Lucilius
236 512 388 580 praecipit:
417 527 463 565 iem
482 544 515 551 -
534 527 596 565 nane
634 512 714 565 Char.
740 529 769 580 p.
790 515 886 575 78,15
918 511 965 582 [fr.
981 510 1048 581 10⁶³]
1078 513 1110 566 et

84 582 170 652 paulo
193 586 270 652 post:
296 597 378 646 pupuli
396 609 417 645 p.
432 614 467 622 -
480 598 525 637 flet.
569 585 711 638 Lucilium
736 584 858 651 sequitur·
881 581 1017 653 Nipidiuc
1039 582 1109 653 Εἰς.

84 656 120 721 sc.
136 659 181 710 10.
218 655 252 721 cf.
276 656 333 710 Ter.
354 654 449 709 Scaur.
474 671 504 724 p.
524 659 569 719 32,
582 659 626 708 21.

157 750 171 798 1
191 743 292 812 puerbi
311 744 404 799 Velius
422 743 502 812 pueri
521 746 626 812 (puere)
648 743 741 812 Quint.
815 745 844 795 et
862 758 918 796 uou
936 742 1010 795 uuili
1027 741 1107 797 codd.

88 815 182 884 Quint.
203 815 295 870 Velius
389 814 505 882 tpueri
526 815 629 886 Quint„
648 831 698 868 om.
720 815 811 868 Velius
896 813 977 883 fiant]
997 812 1109 867 faciant

91 887 184 941 Velius
256 891 271 940 3
290 885 359 940 lucii
379 886 460 940 Char.
554 888 583 939 et
601 885 703 939 Lucilli
727 886 819 939 Velius

509 1021 567 1076 10ο
605 1020 671 1077 367

85 1127 103 1185 i.
119 1126 178 1184 IX.
201 1125 365 1184 mendaci
399 1126 545 1201 furique
579 1011 686 1183 dadai
719 1143 748 1198 e,
785 1142 861 1183 cum
893 1123 977 1182 dare
1010 1125 1109 1182 furei

201 1215 352 1274 iusseris

160 1313 253 1384 Quiut.
273 1319 339 1378 r,7‚
354 1317 389 1367 15
412 1313 486 1384 [post
502 1313 539 1379 fr.
554 1313 620 1383 zob]
639 1328 672 1365 ac
692 1312 824 1379 deinceps
842 1311 930 1365 idem:
954 1325 1058 1365 manasei
1073 1343 1106 1350 —

85 1399 181 1439 iuuene.
215 1384 290 1453 quod
309 1384 424 1453 quidem
443 1402 506 1437 cum
525 1400 728 1452 supervacuum
747 1383 797 1449 est,
817 1381 908 1451 quiai
925 1383 984 1436 tam
1002 1381 1108 1451 longae

87 1472 172 1525 quam
191 1455 283 1509 brevis
297 1457 428 1509 naturam
443 1455 538 1522 habet,
558 1460 619 1507 tum
633 1454 840 1508 incommodum
859 1453 1020 1522 aliqnando.
1058 1455 1109 1508 troc

86 1530 239 1596 scripturae
252 1544 338 1597 penus
353 1527 460 1580 Lucilii
473 1533 561 1580 octotc
574 1543 713 1580 courmuue
727 1532 793 1579 erat.
829 1526 964 1593 ceteroqui
977 1525 1109 1579 lauritius

86 1606 182 1654 couno
201 1600 315 1652 Accium
334 1615 436 1666 semper
454 1615 481 1652 se
500 1599 639 1651 domestici
656 1599 739 1651 moris
758 1597 909 1651 studiosum
924 1603 1058 1665 praestat.

159 1687 250 1740 lfuri

507 1777 568 1842 10⁰l
592 1779 685 1862 [aas]

88 1892 179 1950 clx.
205 1886 285 1953 ‘hoc
303 1892 362 1950 illi
387 1893 596 1950 factumest
619 1885 705 1966 uni',
729 1893 834 1948 tenue
858 1890 923 1950 hoc
946 1891 1061 1949 facies
1080 1891 1107 1948 i:

203 1977 305 2040 ‘haec
325 1982 408 2039 illei
430 1975 574 2054 fecere',
598 1979 706 2038 addes
727 1998 755 2052 e,
779 1983 817 2038 ut
835 1980 1007 2056 pinguius
1027 1980 1107 2038 fiat.

123 2118 127 2127 .
166 2080 219 2134 Vel.
235 2081 322 2202 Louss.
334 2098 364 2149 p.
381 2084 473 2144 56,10
534 2078 689 2148 usuros]
708 2077 788 2131 item:
808 2093 951 2133 noo-flea
983 2080 1109 2147 sepelitur

87 2152 124 2216 tiz
139 2155 182 2216 10,
202 2152 278 2204 iude:
319 2168 351 2204 oc
366 2150 436 2203 mihi
455 2149 482 2202 vi
504 2152 565 2202 etur
584 2164 809 2218 supervacaneae
824 2165 884 2202 esse
903 2148 1108 2203 observationis

88 2238 108 2275 c.
129 2240 153 2291 q.
175 2239 195 2276 s.

160 2316 175 2363 2
195 2309 245 2364 ille
264 2310 357 2364 facere
429 2309 491 2380 fiat]
510 2309 581 2364 facit

519 2448 559 2501 11
585 2437 677 2523 [371]

156 2551 173 2607 l.
193 2549 253 2608 IX.
298 2568 331 2607 ae
358 2549 515 2626 syllabam,
543 2551 625 2608 cuius
653 2549 815 2608 secundam
838 2567 916 2609 nunc
935 2568 951 2607 e
972 2549 1110 2607 litteram

92 2640 239 2714 ponimus,
262 2640 344 2696 varie
367 2657 458 2714 pera
481 2641 541 2697 eti
564 2639 726 2697 efferebant
749 2670 800 2694 —.
839 2638 933 2695 estin
956 2636 1012 2695 hac
1036 2657 1110 2712 quo·

92 2731 250 2803 queparte
265 2726 365 2785 Lucili
383 2731 583 2803 praeceptum,
603 2727 683 2803 quod
697 2727 768 2803 quia
786 2726 922 2802 pluribus
941 2725 1112 2802 explicatur

88 2817 235 2890 versibus,
273 2817 299 2875 si
331 2817 397 2892 quis
430 2837 537 2893 pamm
574 2817 686 2890 credet,
724 2815 803 2890 apud
836 2817 931 2890 ipsum
965 2816 996 2872 in
1029 2834 1110 2875 nono

89 2908 230 2980 requirat.

164 3005 256 3073 Quini.
277 3010 306 3070 1,
328 3009 357 3069 7,
377 3011 413 3058 lli
433 3031 458 3058 ae
475 3020 585 3068 syllabam
600 3037 633 3043 —
649 3019 781 3068 efferebant,
805 3002 921 3070 quidam
945 3017 1056 3070 Semper
1077 3006 1111 3057 ul

90 3073 199 3139 Graeci,
218 3075 334 3142 quidam
353 3075 535 3146 singulariter
553 3077 672 3138 tantum,
692 3092 754 3127 cum
773 3075 802 3126 in
822 3073 948 3127 dativum
966 3073 1011 3127 vel
1025 3089 1110 3142 gene·

89 3146 179 3198 tivum
199 3163 293 3199 casum
312 3147 486 3210 incidissent,
506 3146 580 3199 unde
601 3146 700 3214 ‘pictai
719 3146 814 3199 vestis’
836 3148 864 3198 et
884 3143 991 3211 ‘aquai'
1008 3143 1110 3215 Vergi-

89 3217 144 3269 lius
171 3219 381 3271 amantissimus
407 3217 555 3271 vetustatis
583 3217 753 3270 carminibus
784 3216 910 3269 inseruit.
947 3216 977 3268 in
1003 3216 1111 3270 eisdem

91 3288 195 3356 plurali
210 3306 324 3342 numero
340 3305 355 3342 e
371 3289 530 3352 utebantur,
548 3289 588 3341 ‘hi
604 3288 706 3354 Sullae,
723 3287 850 3342 Galbae'.
879 3306 913 3342 oss
925 3301 950 3340 in
960 3318 993 3326 -
1004 3302 1112 3350 requirat.

509 3425 571 3479 11⁶⁶
596 3415 688 3499 [372]

247 3530 329 3588 huic
354 3529 545 3586 Terentiae
570 3526 732 3585 Orbiliae
757 3522 779 3604 †
804 3527 967 3585 Licinius
