2422 3840
139 176 202 240 116
321 175 527 230 Grammatieee
546 174 794 229 entevnrroninnee
811 173 973 243 fragmenta

632 345 651 401 9

202 462 241 519 ld.
265 462 334 520 ibid.
362 461 389 538 5,
409 460 451 519 85
487 461 595 518 fratres
617 458 744 519 Arvales
768 491 810 499 —
834 461 906 517 sunt
929 460 984 535 qui
1008 477 1026 516 e
1049 458 1158 517 fratta

135 551 283 610 dixerunt.
321 549 429 609 fratria
448 551 493 608 est
512 548 658 608 Graecum
675 548 855 607 vocabulum
872 546 969 623 pertis
993 547 1156 607 hominum.

207 655 222 700 ⁴2
242 649 344 716 patris:
363 665 412 703 em.
431 665 472 718 vy.

624 783 665 838 10

202 889 242 947 ld.
265 889 335 946 ibid.
362 888 471 956 5,147
492 886 685 945 haecomnia
708 889 813 962 postea
836 905 927 960 quam
951 888 1111 944 eontracta
1127 886 1158 944 in

136 998 229 1036 unum
259 977 358 1035 locum
388 995 466 1052 quae
490 976 528 1033 ad
556 977 671 1035 vietum
702 975 893 1052 pertinebant
922 977 953 1033 et
983 973 1158 1034 aedificatus

137 1067 229 1140 locus,
253 1067 439 1144 appellatum
461 1065 628 1140 macellum,
651 1068 686 1123 ut
706 1065 829 1139 quidem
849 1063 992 1139 scribunt,
1018 1063 1159 1139 quodibi

137 1156 229 1214 fuerit
247 1158 339 1230 ortus,
363 1155 418 1212 alii
436 1155 516 1230 quod
534 1153 577 1212 ibi
596 1153 699 1213 domus
722 1154 822 1228 fuerit,
846 1155 895 1211 eui
914 1169 1083 1230 eognomen
1102 1152 1160 1211 suit

136 1245 290 1317 Macellus,
323 1262 398 1320 quae
426 1242 469 1302 ibi
496 1242 615 1320 publice
639 1243 679 1301 sit
701 1242 809 1317 diruta,
840 1261 855 1300 e
879 1259 940 1317 qua
967 1241 1160 1301 aedificatum

136 1333 192 1393 hoc
206 1334 286 1408 quod
300 1334 424 1391 vocetur
438 1332 475 1390 ab
489 1351 523 1390 eo
537 1331 703 1390 macellum.
727 1332 764 1404 cf.
776 1332 871 1390 Vasrro
879 1348 936 1389 rer.
946 1330 1026 1389 lewm.
1035 1331 1076 1404 fr.
1087 1332 1158 1390 121.

626 1496 666 1550 11

204 1600 244 1658 ld.
263 1600 333 1659 ibid.
356 1599 464 1667 5,154
487 1600 623 1656 intumus
645 1599 741 1657 circus
760 1597 799 1656 ed
817 1597 944 1656 Mureim
967 1601 1105 1673 vocatur,
1127 1601 1162 1657 nt

138 1688 283 1748 Procilius
308 1688 408 1747 aiebat
432 1681 483 1765 [fr.
499 1682 549 1766 2];
574 1688 627 1745 alii
646 1687 748 1746 dicunt
771 1707 789 1746 n
812 1689 941 1745 mu1teto
966 1687 1161 1762 technam,

139 1779 219 1853 quod
242 1778 286 1836 ibi
308 1777 340 1835 id
363 1778 461 1836 fuerit.

211 1883 225 1928 1
245 1875 360 1929 murtim
378 1877 420 1930 vel
437 1893 548 1928 murum
567 1876 608 1928 vel
625 1874 730 1927 munim
748 1875 825 1929 codd.

628 2028 670 2084 12

206 2135 245 2191 id.
264 2134 333 2192 ibid.
355 2133 383 2206 5,
400 2133 442 2190 53
466 2132 619 2191 Palatium
635 2164 672 2172 -
691 2132 742 2189 alii
758 2152 774 2189 e
789 2131 929 2191 Palantio
947 2150 1041 2191 uxore
1056 2132 1163 2206 Latini

140 2225 295 2300 putarunt.
342 2222 468 2281 eundem
496 2222 575 2280 hune
605 2221 704 2281 loeum
728 2241 746 2280 a
772 2238 877 2295 pecore
908 2220 1023 2279 dictum
1052 2226 1165 2297 putant

141 2311 272 2387 quidam.
306 2312 356 2388 ef.
380 2311 473 2370 Naev.
496 2312 534 2383 fr.
559 2313 588 2370 2.
641 2310 735 2368 Varro
758 2311 796 2382 fr.
821 2312 894 2368 399.

628 2473 670 2528 13

207 2577 247 2636 ld.
267 2575 336 2636 ibid.
354 2579 382 2646 5,
397 2580 437 2635 51
462 2576 546 2636 collis
562 2576 726 2647 Quirinalis
742 2608 783 2616 -
799 2579 870 2635 sunt
886 2576 938 2653 qui
953 2594 971 2634 a
985 2574 1164 2652 Quin’tibus,

142 2669 194 2742 qui
209 2686 276 2725 eum
290 2667 379 2726 Tatio
396 2665 521 2725 Curibus
537 2668 682 2725 venerunt
695 2666 830 2740 Romam,
850 2665 929 2741 quod
945 2664 989 2722 ibi
1001 2665 1166 2725 habuerint

141 2758 248 2815 eastre.
267 2813 270 2820 ,

213 2855 247 2921 ef.
269 2854 342 2909 Feet.
358 2872 388 2923 p.
402 2857 485 2919 254b,
504 2859 529 2908 9.
563 2853 635 2908 Serv.
650 2854 719 2908 Aee.
737 2856 761 2919 7,
777 2857 838 2909 710.

215 2948 228 2994 1
249 2942 334 2996 eolles
353 2944 435 2998 Fler.
518 2948 533 2994 2
553 2942 589 2995 nb
607 2958 686 2996 roma
704 2942 735 2996 F

210 3201 249 3260 td.
273 3201 342 3259 ibid.
369 3203 396 3268 6,
414 3203 456 3258 96
487 3232 528 3239 -
557 3201 745 3276 potissimum
769 3199 899 3274 quaein
922 3197 1036 3261 Gneeea
1059 3200 1164 3278 lingua

144 3291 254 3364 putant
272 3289 391 3364 Latina,
410 3291 444 3347 ut
463 3290 595 3364 scalpere
612 3307 630 3346 a
649 3287 800 3347 σκαλεύειν
820 3290 850 3346 et
868 3290 999 3352 sternere
1017 3306 1039 3353 a
1056 3307 1164 3368 στρων·

144 3379 236 3452 νύειν,
261 3379 412 3456 lingerea
435 3382 603 3457 λιχμᾶσ-θαι,
626 3377 695 3435 iab
719 3376 773 3451 ἴθι,
797 3377 839 3434 ite
859 3377 896 3435 ab
916 3375 965 3452 ἴτε,
989 3379 1163 3457 gignitur&

143 3467 287 3546 γίγνεται,
323 3468 398 3526 fette
430 3486 447 3525 a
480 3462 593 3545 φέρετε,
630 3466 786 3542 providere
817 3466 961 3544 προιδεῖν,
994 3485 1094 3529 errare
1126 3466 1162 3525 ab

104 3553 236 3630 ᾱῷρειν,
258 3555 298 3613 nb
312 3576 349 3615 eo
363 3557 444 3633 quod
460 3557 567 3618 dicunt
581 3558 766 3638 στραγγαλᾶν
781 3555 984 3632 ettengnlnne,
995 3556 1133 3630 ‚t'nngnete
1145 3575 1164 3613 n
