2422 3840
119 162 186 232 458
286 160 491 216 Grammaticus
511 162 613 217 aetatis
632 163 793 232 Augustsae
812 162 971 234 fragmenta

463 379 501 443 B.
523 377 798 445 FRAGMENTA

501 536 757 592 EPISTULARUM

527 673 545 728 1
571 664 604 749 [1
624 665 729 749 Hertz]

313 785 447 840 PLURIA
466 785 544 840 NON
561 786 684 840 PLURA
702 786 776 840 DIGI
794 786 938 840 DEBERE

187 921 219 978 in
243 938 278 979 ea
301 920 430 996 epistula
456 922 587 979 rationes
615 919 825 998 grammaticas
848 921 957 995 posuit,
984 938 1038 994 per
1062 936 1138 994 quas

120 1009 207 1068 docet
237 1003 375 1088 [Siuuius
399 1003 515 1088 Capito]
548 1008 647 1086 pluria
675 1008 817 1066 Latinum
845 1027 919 1082 esse,
952 1008 1042 1084 plura
1069 1007 1138 1067 bar-

119 1097 235 1157 barum.
259 1131 301 1138 —
329 1099 428 1174 pluria
451 1099 515 1157 sive
542 1099 630 1174 plura
660 1097 830 1156 absolutum
858 1115 920 1156 esse
944 1100 974 1155 et
1001 1096 1138 1172 simplex,

118 1206 178 1246 non
202 1218 246 1227 -
269 1187 514 1262 comparativum.

194 1285 262 1339 Geli.
277 1289 305 1350 5,
317 1289 363 1352 21,
378 1290 440 1354 6eq.
459 1285 559 1339 doceas
576 1302 627 1340 nos
642 1301 690 1338 eur
704 1284 798 1352 pluria
812 1285 870 1338 sive
885 1284 1049 1353 compluria,
1064 1284 1138 1338 nihil

120 1355 196 1409 cuim
211 1354 314 1422 differt,
331 1373 388 1410 non
402 1355 490 1410 latine
505 1357 555 1410 sed
568 1356 688 1410 barbare
702 1355 826 1410 dixerint
839 1356 875 1408 Μ.
892 1355 961 1410 Cato
975 1356 1022 1427 [fr.
1033 1360 1070 1411 24
1080 1357 1138 1427 P.],

120 1426 151 1492 Q.
171 1425 306 1481 Claudius
330 1427 377 1508 [fr.
392 1427 493 1498 9OP.],
517 1427 647 1481 Valerius
670 1427 769 1481 Antias
796 1428 842 1498 [fr.
859 1432 895 1480 65
905 1427 961 1497 P.],
989 1426 1018 1480 L.
1038 1428 1138 1481 Aelius

119 1499 167 1569 [fr.
182 1499 239 1581 48J,
257 1497 287 1551 P.
302 1497 436 1567 Nigidius
456 1498 503 1570 [fr.
517 1500 574 1570 41],
593 1499 630 1554 Μ.
640 1499 730 1553 Varro
750 1500 826 1570 [adu.
840 1506 904 1569 post
918 1500 954 1566 fr.
965 1498 1041 1569 264],
1066 1516 1138 1566 quos

118 1569 321 1638 subscriptores
354 1569 611 1639 approbatoresque
638 1569 722 1624 huius
750 1569 828 1624 verbi
859 1569 994 1624 habemus
1024 1573 1139 1639 praeter

117 1643 265 1708 poetarum
279 1643 477 1708 oratorumque
490 1644 616 1696 veterum
630 1640 749 1694 multam
764 1641 881 1710 copiam.
892 1673 919 1681 -
930 1642 989 1693 tum
1002 1639 1051 1694 ille
1067 1643 1138 1695 ami-

119 1728 167 1764 cus
182 1714 277 1766 noster
289 1734 335 1764 -ε
352 1711 465 1779 ‘Sinni',
480 1712 574 1781 inquit
590 1712 746 1782 ‘Capitonis
761 1712 917 1766 doctissimi
931 1713 984 1765 viri
998 1712 1138 1780 epistulae

120 1785 186 1836 sunt
203 1800 259 1837 uno
278 1783 308 1836 in
326 1782 398 1837 libro
412 1783 519 1837 multae
532 1784 643 1853 positae
657 1784 758 1852 opinor
770 1784 800 1837 in
814 1784 921 1853 templo
935 1783 1024 1838 Pacis.
1044 1785 1138 1852 prima

120 1853 243 1923 epistula
261 1855 367 1922 scripta
386 1856 429 1909 est
448 1856 484 1908 ad
501 1855 653 1909 Pacuvium
671 1854 843 1921 Labeonem,
868 1856 913 1908 cui
936 1854 1037 1909 titulus
1056 1872 1138 1924 prac-

120 1925 241 1994 scriptus
261 1927 304 1979 est
316 1925 433 1994 “pluria
447 1944 503 1980 non
517 1926 599 1995 plura
614 1926 671 1980 dici
686 1926 822 1980 debere'’.
854 1941 879 1980 in
893 1952 920 1980 ea
933 1941 1029 1989 epistula
1042 1958 1069 1966 —
1082 1942 1138 1982 ser·

120 2011 206 2051 barum.
244 1997 280 2050 ad
304 1995 469 2066 Capitonem
492 1998 581 2068 igitur
602 1999 632 2051 te
655 1998 832 2051 dimittimus.
871 2014 904 2051 ex
923 2015 955 2052 co
974 1998 1005 2051 id
1024 2015 1137 2066 quoque

122 2067 206 2121 simul
231 2067 335 2136 disces,
364 2069 388 2121 si
413 2069 496 2122 modo
524 2069 636 2137 assequi
661 2070 780 2138 poteris,
808 2070 883 2137 quod
906 2069 936 2121 in
960 2085 993 2122 ea
1013 2069 1138 2137 epistula

119 2139 255 2208 scriptum
270 2143 321 2207 esi,
341 2154 416 2202 pluria
429 2172 456 2179 -
469 2166 521 2205 non,
540 2143 573 2194 ut
585 2139 640 2193 tibi
654 2141 774 2206 videtur,
793 2141 989 2202 comparativum’.
1013 2142 1039 2194 Si
1052 2143 1138 2196 totius

120 2211 206 2265 Gellii
227 2212 326 2281 capitis
343 2228 450 2266 summo
469 2229 502 2266 eu
520 2211 619 2267 Siuuio
637 2219 748 2282 sumpta
766 2219 812 2279 est,
831 2219 863 2265 ut
876 2212 955 2282 culpo
970 2213 1136 2278 conceditur,

118 2282 264 2352 Siuuiique
291 2283 417 2350 beneficio
445 2283 579 2337 traditum
606 2284 741 2338 iudicium
769 2284 801 2338 de
824 2284 941 2353 Nipidio
964 2290 989 2337 et
1013 2284 1137 2340 Vorroue

117 2353 260 2420 habemus,
287 2354 360 2422 quod
385 2372 472 2423 supro
497 2355 530 2409 de
555 2360 642 2409 aetate
669 2356 792 2408 diximus
818 2356 921 2425 cerepie
947 2355 1135 2420 coufirmotur.

118 2441 148 2478 eo
167 2426 271 2480 aceedit
293 2427 365 2494 qued
382 2427 524 2480 Pacuuius
542 2427 643 2493 Labeo,
666 2428 713 2480 eui
735 2427 853 2494 epistula
870 2427 974 2494 scripta
992 2432 1038 2491 est,
1052 2434 1138 2495 poter

119 2497 239 2550 Autistie'
255 2497 313 2562 fuit
326 2498 463 2565 Brutique
478 2499 583 2552 uinuus
601 2505 625 2552 et
644 2499 755 2568 topatus.
775 2498 808 2551 de
821 2497 905 2551 buius
922 2498 997 2550 modi
1010 2498 1137 2566 epistulis

118 2567 153 2632 cf.
174 2568 262 2622 Varro
281 2574 306 2622 et
326 2569 392 2622 Tiro
410 2585 505 2638 supro,
528 2569 607 2639 Volp.
627 2569 695 2634 Rus.
715 2569 801 2635 iufra.

185 2806 419 2865 soloecismus
439 2810 493 2865 est
511 2809 625 2883 impar
642 2812 748 2882 etque
766 2807 1025 2866 inconveniens
1043 2827 1135 2867 com·

118 2895 285 2971 positura
307 2897 466 2971 partium
489 2896 675 2957 orationis.

192 2992 260 3047 Geli.
276 2998 302 3061 5,
315 2998 392 3059 20‚1
412 2993 591 3047 soloecismus
614 2994 715 3048 Latino
739 2994 874 3049 vocabulo
899 3011 916 3048 a
935 2995 1032 3049 Sinnio
1053 2995 1135 3065 Capi-

119 3065 186 3118 tone
201 3063 382 3132 eiusdemque
397 3065 499 3118 aetatis
514 3065 578 3118 aliis
592 3065 752 3134 inparilitas
765 3066 923 3135 appellatus
932 3068 1136 3122 vetustioribus

120 3135 227 3188 Latinis
253 3135 393 3206 stribiligo
420 3136 566 3189 dicebatur
590 3153 608 3190 a
629 3153 756 3202 versura,
782 3137 914 3190 videlicet
939 3140 968 3191 et
992 3139 1136 3205 pravitate

116 3208 261 3260 tortuosae
280 3207 415 3260 orationis
433 3209 579 3275 tamquam
597 3207 744 3278 strobiligo
759 3209 905 3276 quaedam.
938 3209 1014 3277 quod
1032 3210 1136 3264 vitium

119 3277 231 3330 Sinnius
260 3278 360 3347 Capito
388 3279 418 3331 in
444 3277 560 3345 litteris,
588 3295 658 3346 quas
685 3280 722 3332 ad
745 3278 874 3334 Clodium
898 3279 1019 3333 Tuscum
1047 3281 1135 3348 dedit,

120 3349 197 3402 hisce
211 3349 302 3403 verbis
318 3349 428 3403 definit:
448 3363 590 3404 soloecismus
604 3368 636 3404 est
649 3351 742 3418 inquit
756 3365 829 3413 impar
842 3383 869 3391 —
883 3365 996 3405 orationis.
1016 3353 1051 3418 cf.
1063 3354 1136 3408 Aur.

114 3419 195 3487 Opell
217 3421 258 3488 fr.
273 3426 318 3476 17.
357 3422 391 3477 de
410 3421 505 3477 Clodio
526 3421 613 3475 Tusco
636 3423 714 3489 iufra
732 3439 762 3490 p.
778 3427 841 3477 467.
878 3424 910 3476 iu
932 3424 1020 3477 uerbis
1038 3424 1137 3478 Siuur'i

94 3492 289 3551 soloecismum
297 3513 357 3568 pro
371 3496 560 3570 imparilitate
570 3513 588 3552 c
599 3493 688 3552 Gellio
703 3496 833 3564 scriptum
842 3510 895 3548 esse
907 3511 940 3547 eu
948 3497 1138 3562 superioribus

80 3563 198 3637 eolleye't
216 3570 314 3628 Hertz
325 3591 358 3646 p.
376 3577 420 3631 27
438 3574 510 3632 adu.
525 3575 577 3630 28.
