2422 3840
269 208 272 223 ,
315 205 316 212 ,
353 202 368 223 ,·
430 163 469 220 Μ
488 163 635 220 Terentius
653 164 742 219 Varro
1027 161 1092 231 231

518 335 582 392 120
606 326 655 412 [4]

144 439 162 498 l.
189 428 290 498 XXV.
337 456 400 517 ego
423 437 561 516 σπάρτα
591 440 685 515 apud
707 439 898 499 Homerum
921 460 987 500 non
1012 442 1094 518 plus

77 531 240 604 spartum
282 518 498 606 significare
533 531 620 603 puto
657 547 761 604 quam
798 528 992 608 σπάρτους,
1023 529 1095 606 .qui

77 618 249 677 dicuntur
271 617 307 674 in
330 635 416 694 agro
436 617 602 676 Thebano
625 619 711 677 nati.
747 620 784 676 in
804 617 955 678 Graecia
976 620 1096 695 sparti

77 708 184 783 copia
216 707 315 765 modo
349 706 469 781 coepit
501 724 576 765 esse
609 725 648 765 ex
676 706 863 782 Hispania.
909 727 1023 784 neque
1056 727 1097 766 ea

77 798 159 872 ipsa
178 795 358 854 facultate
377 796 434 855 usi
452 795 617 871 Liburni3
641 799 695 854 set
716 796 753 854 hi
775 797 969 872 plerasque
987 815 1123 857 navesa

77 885 169 945 loris
199 883 366 958 suebant,
399 881 529 943 Graeci
560 885 673 962 magis
706 885 866 944 cannabo
898 889 933 945 at
965 889 1097 962 stuppa

78 972 285 1048 ceterisque
309 972 441 1032 sativis
464 974 582 1044 rebus,
614 994 631 1032 a
655 972 784 1050 quibus
812 974 948 1052 σπάρτα
972 976 1096 1051 appel·

78 1063 214 1122 labant.
279 1111 280 1115 ,

104 1151 109 1178 ”
154 1153 222 1208 cut.
239 1156 282 1219 17,
296 1155 322 1217 3,
335 1155 353 1205 4
371 1151 444 1205 liber
462 1152 498 1206 ab
513 1168 546 1205 eo
560 1152 686 1221 prolatus
701 1183 735 1192 -
749 1152 786 1206 M.
797 1151 931 1206 Varronis
949 1153 1097 1207 vicesimus

83 1222 201 1291 quintus
218 1222 418 1286 humanarum,
441 1223 472 1276 in
495 1240 551 1290 quo
577 1223 614 1277 de
641 1223 696 1277 isto
724 1223 838 1278 Homen‘
863 1225 947 1278 verbo
973 1222 1097 1294 [σπάρτα

79 1295 115 1350 11.
135 1297 247 1360 2‚135:
276 1295 324 1348 aul
348 1293 383 1362 δὴ
408 1295 497 1362 δοῦρα
517 1291 618 1364 σέσηπε
636 1303 708 1348 νεῶν
726 1294 774 1348 καὶ
793 1294 903 1362 σπάρτα
920 1292 1060 1366 tilectus]
1080 1310 1098 1349 a

79 1364 205 1420 Vettona
224 1367 265 1418 ita
283 1364 420 1434 scriptum
439 1369 494 1420 est:
514 1391 557 1430 030
571 1374 665 1435 σπάρτα
678 1397 705 1406 -
718 1381 869 1428 apponebat.
888 1367 924 1433 cf.
939 1368 1014 1421 ΡΜ.
1028 1382 1057 1418 a.
1072 1368 1097 1420 h.

80 1441 126 1504 19,
139 1439 185 1491 25.
203 1440 250 1502 24,
265 1441 308 1493 65.
346 1437 457 1504 Schcclt
475 1445 539 1492 acta
556 1454 608 1493 soc.
622 1438 694 1506 patu.
714 1438 792 1507 Lipa
813 1441 915 1504 03129.

485 1572 548 1629 121
574 1564 641 1648 [m
659 1564 692 1648 1]

149 1674 522 1752 Numeriusllquitius
534 1676 672 1752 Ouppes
687 1680 722 1736 ct
736 1675 1100 1736 O.ManiusMacellus

81 1765 260 1841 singulari
277 1765 476 1826 latrocinio
494 1766 610 1824 multa
628 1765 708 1824 loca
725 1766 930 1824 habuerunt
953 1763 1097 1824 infesta

80 1854 138 1913 his
152 1855 188 1912 in
203 1854 371 1912 exsilium
386 1856 479 1914 actis
493 1855 584 1912 bona
603 1854 791 1930 publicata
805 1857 901 1927 sunt,
920 1854 1024 1913 aedes
1039 1854 1100 1912 ubi

81 1942 300 2001 habitabant
328 1943 470 2002 dirutae
495 1963 585 2019 eque
609 1962 648 2001 ea
670 1943 822 2018 pecunia
850 1944 972 2002 scalae
999 1943 1100 2001 deum

81 2033 268 2108 penatium
291 2032 512 2091 aedificatae
536 2035 626 2091 sunt.
660 2033 721 2091 ubi
743 2032 963 2090 habitabant
984 2033 1126 2106 locum

82 2120 145 2178 ubi
173 2122 342 2178 venirent
371 2140 424 2194 ea,
457 2141 547 2197 quae
576 2120 745 2179 vescendi
776 2139 882 2180 causa
913 2123 949 2179 in
979 2120 1101 2179 urbem

82 2211 187 2268 erant
206 2209 330 2269 allata.
354 2211 478 2285 itaque
498 2210 539 2287 ab
559 2211 675 2269 altero
694 2210 896 2285 macellum,
920 2211 962 2269 ab
982 2211 1100 2269 altero

82 2298 200 2357 forum
223 2299 437 2374 cuppedinis
461 2300 694 2375 appellatum.

154 2389 241 2447 Dea⁸⁴
252 2389 310 2443 Ter.
330 2405 391 2442 cua.
410 2392 438 2452 2,
451 2392 479 2454 2,
493 2388 549 2442 25²
574 2388 662 2442 Varro
686 2387 871 2442 humanarum
889 2403 994 2442 rerum:
1018 2401 1102 2442 name

81 2473 130 2514 rins
152 2473 193 2521 aq.
217 2471 304 2521 (lappas
331 2458 425 2527 inquil
451 2478 474 2513 et
496 2492 523 2498 —
546 2475 688 2523 appellatum.
739 2460 821 2514 Paul.
850 2459 923 2514 Fosi.
949 2476 978 2526 p.
1005 2461 1101 2523 48,15

84 2546 189 2598 cuppas
209 2534 237 2583 et
257 2530 376 2598 cupedia
396 2531 506 2597 antiqui
525 2529 659 2584 lautiores
679 2530 755 2585 cibos
775 2529 972 2595 nominabant3
992 2529 1058 2582 inde
1073 2531 1102 2582 et

82 2600 231 2655 macellum
252 2600 344 2654 forum
362 2600 507 2670 cupedinis
526 2600 717 2670 appellabant.
742 2601 862 2671 cupedia
880 2602 975 2654 autem
993 2619 1010 2653 a
1025 2600 1102 2669 cupi-

83 2673 175 2726 ditate
194 2675 259 2726 sunt
278 2672 368 2739 dicta,
387 2673 444 2738 vel,
464 2674 537 2726 sicut
554 2673 643 2727 Varro
662 2673 715 2736 ait,
736 2673 811 2740 quod
829 2672 871 2727 ibi
888 2671 974 2725 fuerit
993 2669 1102 2740 (luppe-

83 2742 159 2798 dinis
178 2743 281 2810 equitis
300 2743 413 2811 domus,
437 2745 486 2811 qui
504 2744 597 2798 metat
620 2744 655 2799 ob
674 2743 854 2798 latrocinium
873 2744 1030 2797 damnatus.
1065 2742 1100 2808 cf.

90 2816 177 2870 Varro
191 2816 224 2868 de
239 2817 255 2868 l.
271 2815 305 2869 L.
321 2820 420 2880 5146.
441 2820 501 2869 147.
526 2815 608 2870 Paul.
623 2816 698 2870 Fest.
713 2833 740 2882 p.
756 2819 818 2880 125,
834 2819 859 2868 7.
879 2816 953 2872 uon.
970 2816 1027 2869 Ter.
1039 2831 1100 2868 cua.

83 2891 112 2952 2,
123 2886 219 2952 2,26¹.
239 2887 324 2941 Sobel.
344 2888 402 2940 Ter.
417 2904 478 2941 euos.
493 2890 521 2951 2,
534 2891 562 2952 2,
576 2890 621 2941 24.
635 2891 680 2941 25.
702 2887 776 2940 Nou.
792 2904 822 2954 p.
838 2889 884 2952 85,
899 2891 925 2940 9.
945 2885 1101 2940 Accedfl.

80 2969 111 3026 p.
124 2961 189 3023 215,
203 2962 228 3012 3.
269 3020 271 3024 v

149 3052 170 3101 ,1
192 3030 331 3100 dmanius
348 3048 433 3100 Vatia.
445 3047 510 3101 Lat.
520 3050 594 3101 2905
608 3046 749 3099 romaniae
762 3045 848 3100 Occu.
867 3060 998 3099 romanus
1015 3043 1101 3098 Vatia.

85 3117 183 3188 Rapiat.
207 3118 272 3171 Lat.
293 3122 364 3171 1595
392 3125 417 3171 ct
446 3121 518 3172 1496
545 3117 655 3171 Manius
684 3118 867 3172 Reitzenstein
894 3114 922 3169 (l.
949 3115 1102 3169 Romanius

85 3188 240 3314 {abbahllm
325 3195 340 3242 5
360 3188 409 3241 ubi
422 3188 487 3241 hab.
502 3191 654 3256 repetitum,
667 3189 839 3243 scribendam
856 3186 1017 3256 publicatus
1031 3188 1101 3241 coci.

113 3276 162 3313 uec
205 3278 232 3314 er

463 3358 527 3416 122
558 3350 680 3434 [xxm
697 3351 728 3435 1]

152 3466 294 3539 equites
317 3432 410 3536 apud
432 3466 574 3522 veteres
597 3463 786 3522 flexuntae
809 3461 1055 3523 accubantum.

155 3562 226 3617 Sem.
245 3562 410 3618 Dan-Aen.
429 3568 458 3630 9,
479 3567 536 3620 603
554 3562 673 3622 flectere
692 3567 796 3622 autem
812 3563 904 3619 amno
921 3559 1051 3625 ant-'iuno
1064 3565 1146 3604 nens
