2422 3840
123 212 188 277 382
274 211 480 266 Grammaticos
499 179 601 264 aetatis
620 209 810 264 Varronianus
830 209 989 280 fragmenta

194 374 322 442 Faiycnt.
347 389 406 439 cap.
430 388 507 426 cerci.
533 377 588 425 cni.
612 375 631 424 8
657 384 780 424 sineemios
798 401 831 410 -
851 385 967 423 armavit.
1004 371 1039 436 cf.
1064 371 1141 424 Noa.

119 461 146 512 p.
163 449 238 510 48‚3
257 450 282 497 ct
300 444 433 510 Wcssacc,
452 443 596 498 Commeat.
611 442 680 510 phil.
696 441 756 496 Jen.
774 440 898 507 6²,10a⁴
916 443 982 495 hacc
997 457 1054 494 noa
1067 442 1145 496 cicili

124 516 218 571 Cincio
227 517 405 585 promnroiicc
419 516 588 579 tricaricen
601 514 636 579 cs.
648 520 738 567 tumea
747 515 833 567 Hertz
839 530 869 581 p.
881 517 931 578 79,Ι
946 513 1044 567 Places
1055 530 1083 581 p.
1096 517 1140 567 10.

196 636 209 683 1
231 630 374 684 silicernos
398 631 490 684 Paris.
516 633 587 683 7581
613 630 695 683 Hori.
805 634 820 680 2
846 627 947 681 cintius
972 629 1063 681 Paris.
1085 631 1144 682 242

123 704 207 756 Brea.
227 704 310 756 Harl.
331 700 469 755 Cinctisus
488 702 672 755 Paciaecus
745 706 760 752 5
780 700 864 753 morti
878 700 971 753 Paris.
986 703 1042 753 242
1061 700 1141 752 Leid.

122 775 207 827 Bora.
227 774 318 828 Poris.
339 777 413 828 3088
430 772 521 826 mordi
540 773 631 826 Paria.
653 775 725 825 7581

195 916 227 970 ce
245 915 273 970 o.
288 917 357 970 rac
369 915 532 985 fracmentis
548 914 641 969 crica
661 915 808 982 ademptis
821 915 864 968 a.
879 913 959 979 infra
973 913 1010 966 aa
1028 875 1142 967 sciram.

418 1227 644 1315 OURTIUS
676 1226 847 1314 Nlolls

498 1432 768 1530 TESTIMONIA

75 1620 78 1625 Ι
121 1537 233 1590 VITAE

196 1650 219 1698 1.
250 1645 304 1699 Cic.
320 1647 358 1699 ad
371 1647 428 1699 Aa.
446 1650 471 1711 7,
481 1649 507 1712 3,
517 1650 553 1700 10
572 1647 609 1716 [a.
623 1645 740 1716 reciso]
759 1644 855 1697 Nicias
871 1642 941 1698 Cous
968 1646 1011 1699 od.
1028 1646 1146 1699 Niciam

123 1722 274 1785 tyrocinum
293 1735 337 1784 op.
359 1717 540 1787 Oriaaqccam
558 1725 583 1772 ct
600 1717 767 1773 Strabonem.

195 1800 221 1850 2.
250 1797 322 1851 Sciet.
346 1797 379 1851 de
402 1815 515 1868 proram.
535 1803 570 1851 14
589 1796 700 1850 Curtius
719 1795 802 1849 Nicia
825 1794 917 1849 haesit
940 1793 987 1848 (ln.
1007 1797 1145 1867 Pompeio

124 1868 152 1920 et
171 1865 200 1920 O.
219 1867 359 1930 Memmio,
381 1869 431 1922 sed
450 1886 513 1923 cum
532 1868 676 1922 codicillos
695 1867 820 1920 Memmii
839 1868 875 1920 ad
892 1867 1008 1936 Pompei
1028 1886 1144 1923 uxorem

125 1939 160 1992 de
179 1940 276 2007 stupro
295 1939 465 2008 pertulisset,
484 1941 612 2009 proditus
628 1940 663 1992 ab
679 1955 712 1992 ea
726 1939 890 2007 Pompeium
904 1937 1031 2004 offendit,
1047 1942 1145 1995 domo·

125 2025 178 2077 que
198 2010 224 2062 ei
242 2011 424 2064 interdictum
443 2013 493 2064 est.
522 2029 583 2066 cam
597 2011 735 2065 discordia
754 2012 825 2064 inter
839 2011 1000 2078 Pompeio-m>
1014 2019 1039 2066 et
1055 2013 1143 2066 Mem-

124 2082 209 2133 miana
224 2082 300 2136 intra
315 2100 340 2134 c.
356 2083 467 2152 cocio&
483 2114 515 2121 -
532 2087 548 2135 7
549 2088 585 2136 00
588 2082 638 2151 454
653 2089 714 2135 orto
727 2084 771 2148 sit,
786 2087 848 2135 ante
861 2083 910 2135 hoc
923 2088 1028 2151 tempas
1041 2084 1145 2138 Nicias

126 2153 230 2206 Romae
247 2155 311 2218 fuit.
340 2156 474 2222 ceteroqui
488 2171 512 2207 a.
530 2157 628 2224 701s53
643 2155 761 2207 ambitus
775 2170 837 2207 reas
853 2153 880 2207 0.
897 2155 1045 2208 Memmios·
1059 2157 1142 2210 Athe·

125 2241 177 2276 aas
196 2226 404 2293 inperpetuum
421 2226 549 2279 ceciliam
567 2228 619 2279 icit
643 2226 687 2294 (cf.
709 2224 763 2277 Cic.
784 2225 821 2277 cd
842 2224 872 2293 Q.
891 2225 927 2289 fr.
947 2230 973 2291 3,
987 2230 1015 2291 2,
1030 2231 1055 2280 3.
1084 2231 1110 2291 8,
1126 2231 1144 2279 3

125 2297 161 2348 al.
181 2295 253 2349 Sciet.
273 2297 328 2350 lai.
345 2299 397 2365 73).

197 2379 222 2429 3.
251 2376 322 2430 Suet.
343 2377 408 2430 ibid.
428 2375 485 2429 fuit
503 2378 532 2429 ct
550 2376 586 2428 Μ.
608 2375 748 2430 Ciceronis
767 2375 924 2429 familiaris.
958 2379 992 2443 cf.
1010 2384 1067 2431 test.
1086 2394 1144 2447 sqq.

124 2452 148 2500 ei
163 2449 324 2513 pracsertim
343 2452 385 2502 16.
461 2489 462 2493 ,

196 2531 219 2579 4.
251 2527 305 2581 044.
326 2528 363 2581 ad
381 2530 439 2582 Aa.
459 2532 503 2595 12,
523 2533 567 2594 51,
587 2533 602 2582 1
623 2529 660 2599 [c.
682 2528 800 2599 709s45]
826 2527 903 2581 venit
931 2527 1017 2582 etiam
1045 2527 1143 2581 Nicias

125 2596 169 2667 [ia
191 2598 388 2668 Tusculanam]
412 2601 441 2652 et
459 2598 603 2652 Valerium
626 2599 710 2653 hodie
734 2598 883 2652 audiebam
907 2615 967 2652 esse
985 2601 1144 2655 venturum.

126 2668 163 2721 id.
183 2669 249 2723 ibid.
265 2674 309 2735 12,
325 2674 359 2724 53
378 2669 424 2724 hic
447 2670 594 2724 nobiscum
618 2673 682 2723 sunt
705 2669 801 2723 Nicias
825 2673 853 2723 et
872 2669 1009 2723 Valerius
1047 2671 1084 2724 id.
1106 2672 1145 2724 ad

124 2739 279 2806 14444.9,10
297 2740 409 2794 Niciam
427 2745 554 2795 nostrum
572 2773 606 2782 -
626 2740 821 2795 suavissimum
842 2741 999 2812 συμβιωτήν

198 2824 222 2873 5.
252 2822 323 2876 Sicci.
343 2823 375 2875 dc
392 2840 505 2892 prorum,
521 2827 556 2875 14
570 2849 603 2867 =
621 2823 674 2878 044,
694 2823 732 2876 cd
749 2823 816 2887 sam.
832 2826 946 2888 9,10,1
966 2821 1004 2892 [a.
1022 2822 1131 2892 709s45

125 2890 155 2942 in
170 2890 249 2943 cuius
268 2893 429 2964 [Ciceronis]
448 2893 570 2962 epistula
590 2895 626 2946 ad
646 2893 823 2946 Dolabellam
841 2893 911 2946 haec
923 2893 965 2946 'de
984 2909 1016 2946 eo
1032 2894 1132 2964 [Nicia

125 2960 258 3030 legimus:
280 2963 363 3016 ‘nihil
377 2965 482 3018 Romae
501 2964 608 3033 geritur
622 2965 697 3032 quod
711 2966 739 3017 te
758 2966 855 3033 putem
874 2964 943 3017 scire
963 2981 1069 3029 curare,
1088 2965 1144 3018 nis1

126 3032 199 3087 forte
222 3034 292 3087 scire
315 3035 356 3087 vis
379 3053 423 3089 me
446 3036 521 3089 inter
542 3036 654 3092 Niciam
677 3038 802 3088 nostrum
826 3038 855 3089 et
876 3034 992 3087 Vidium
1020 3036 1144 3090 iudicem

127 3119 194 3158 esse.
214 3104 320 3173 profert
334 3107 414 3173 alter,
429 3109 529 3176 opinor
539 3108 646 3161 duobus
661 3107 812 3172 versiculis,
828 3122 979 3175 expensum
989 3105 1144 3177 (Niciae)

12 3232 14 3236 ,
128 3175 199 3228 alter
217 3177 396 3231 Aristarchus
414 3178 465 3232 hos
486 3176 612 3248 ὀβελίζει;
636 3195 688 3249 ego
711 3182 857 3245 tamquam
876 3178 989 3231 criticus
1008 3177 1144 3246 antiquus

126 3246 301 3301 iudicaturus
311 3267 381 3314 sum,
395 3253 489 3303 utrum
504 3251 562 3303 sint
575 3259 625 3304 τοῦ
636 3251 773 3321 <cornico
791 3267 828 3302 an
841 3246 1143 3321 παρεμβεβλημένοιγ.

199 3331 223 3380 6.
254 3329 307 3383 044.
324 3329 361 3382 ud
375 3330 432 3384 An.
448 3334 492 3395 12,
505 3333 583 3396 26,2
597 3330 635 3400 [o.
652 3334 706 3383 709
711 3330 774 3400 445]
789 3330 824 3384 de
838 3329 921 3382 Nicia
939 3331 1015 3396 quod
1035 3330 1144 3398 scribis,

126 3397 150 3450 si
168 3399 211 3452 ita
228 3415 273 3453 me
292 3399 424 3453 haberem
443 3403 475 3453 ut
494 3400 553 3454 eius
571 3401 749 3468 humanitate
767 3401 823 3453 frui
841 3416 965 3469 possem,
988 3401 1019 3452 in
1044 3401 1144 3469 primis

118 3470 218 3525 vellem
237 3471 321 3527 illum
340 3489 455 3530 mecum
473 3471 594 3542 habere,
612 3473 663 3528 sed
678 3473 751 3526 milri
762 3471 883 3525 solitudo
899 3473 928 3523 et
940 3487 1066 3525 recessus
1099 3489 1144 3526 ro-

31 3581 35 3587 .
102 3541 201 3598 vincia
230 3549 284 3604 eat,
324 3551 405 3619 quod
437 3549 509 3624 quia
537 3547 628 3606 facile
653 3545 768 3602 ieretat
788 3542 884 3606 Nicea„
904 3556 937 3592 eo
955 3541 1152 3619 mariis'Q

121 3615 236 3674 sidero.
268 3627 435 3695 praeterea
451 3626 533 3686 nosti
548 3622 657 3680 Niciae
670 3619 768 3677 nostri
778 3609 1011 3669 'imbecillitatem
1017 3607 1170 3658 mellitum
