2422 3840
110 153 175 218 262
256 153 461 208 Grammaticus
481 154 582 208 aetatis
601 154 792 208 varronianae
811 153 970 224 fragmenta

109 323 261 382 iunctione
294 322 363 381 vult
387 323 484 382 Varro
516 324 739 399 epistolicarum
761 323 820 382 VII
853 326 883 382 et
914 325 1039 397 similia,
1073 342 1128 382 nec

109 411 356 488 interponendam
379 414 617 471 coniunctionem
640 414 706 487 ipsa
729 431 760 470 33
780 413 971 486 3313333313,
995 413 1078 472 33131
1101 414 1128 472 31

110 500 211 559 dixero
235 494 286 559 ‘ad
309 503 448 576 quintum
467 504 497 559 at
518 501 724 560 tricensimum
745 501 904 576 praedium
926 496 1042 575 habao'‚
1065 502 1127 560 iam

110 590 168 649 duo
200 588 459 666 significabuntur,
496 591 624 648 alterum
661 590 699 648 ad
737 591 890 665 quintum,
928 591 1056 649 alterurn
1089 590 1128 649 ad

109 679 320 738 tricensimum.

183 787 262 841 Char.
279 803 308 854 p.
325 789 401 851 73,3
420 800 522 847 quintum
535 818 563 826 -—
576 801 605 840 ad
619 801 777 841 tricensimum.

582 938 648 996 228

177 1061 273 1120 Varro
292 1062 445 1137 rescripsit
466 1061 499 1118 in
517 1063 660 1120 memoria
679 1061 735 1120 sibi
755 1080 827 1134 3333,
852 1061 932 1136 quod
950 1059 983 1130 Q.
1004 1059 1128 1120 Catulus

111 1153 231 1210 curator
261 1150 440 1209 restituendi
473 1148 616 1225 Capitolii
648 1149 770 1209 dixisset
802 1150 931 1209 voluisse
964 1169 995 1209 se
1028 1168 1128 1208 aream

112 1237 312 1315 Capitolinam
343 1240 521 1314 deprimere,
558 1241 592 1296 ut
621 1239 758 1314 pluribus
792 1240 932 1317 gradibus
962 1241 995 1296 in
1025 1239 1129 1297 aedem

112 1328 356 1388 conscenderetur
375 1331 591 1405 suggestusque
610 1347 665 1403 pro
679 1329 795 1405 fastigii
814 1328 1021 1406 magnitudine
1039 1328 1129 1386 altior

86 1418 204 1492 3113331,
228 1417 280 1476 sed
302 1417 400 1476 133333
422 1416 454 1474 id
473 1436 532 1474 non
556 1419 663 1493 quisse,
687 1419 828 1492 quoniam
851 1418 965 1476 favisae
987 1416 1128 1490 impedis-

15 1579 17 1585 ,
112 1509 185 1567 3331.
231 1506 263 1564 id
291 1525 353 1565 3333
381 1506 470 1564 331133
499 1505 642 1580 quasdam
667 1508 697 1564 et
720 1508 871 1580 cisternas,
900 1524 976 1582 quae
1003 1508 1035 1562 in
1059 1524 1129 1564 area

112 1597 166 1655 sub
193 1610 274 1654 terra
298 1597 403 1668 assent,
434 1594 485 1652 ubi
512 1596 617 1670 reponi
644 1595 773 1654 solerent
800 1597 886 1674 signa
913 1597 1023 1669 vetera,
1053 1612 1130 1669 quae

112 1703 148 1743 ex
171 1704 205 1743 eo
234 1684 344 1760 templo
374 1684 505 1759 collapsa
534 1685 639 1757 333331,
668 1686 698 1742 31
726 1685 786 1742 3113
814 1683 960 1759 quaedam
988 1683 1131 1762 religiosa

113 1793 128 1832 3
147 1773 232 1832 donis
255 1773 442 1833 consecratis.
485 1791 519 1831 ac
540 1772 645 1830 deinde
670 1773 773 1831 eadem
797 1773 927 1847 epistula
951 1776 1041 1849 negat
1064 1773 1130 1847 qui-

73 1885 98 1922 re
113 1863 179 1921 dem
203 1882 233 1921 se
256 1863 287 1920 in
311 1862 420 1920 11113313
448 1861 605 1935 133331333,
635 1881 687 1920 333
715 1861 827 1922 1331333
856 1862 953 1921 dictae
981 1863 1050 1930 sint,
1079 1861 1131 1918 sed

114 1951 145 2020 Q.
169 1951 325 2009 Valerium
349 1950 496 2009 Soranum
524 1951 646 2009 solitum
669 1951 765 2010 dicere
790 1952 841 2024 ait,
873 1969 946 2026 quos
974 1952 1130 2008 thesauros

114 2039 227 2099 Graeco
241 2040 360 2099 nomine
375 2040 602 2115 appellaremus,
615 2040 728 2115 priscos
740 2039 864 2098 Latinos
878 2040 997 2098 flavisas
1012 2039 1131 2112 dixisse,

114 2129 193 2204 quod
216 2131 248 2186 in
267 2146 320 2208 eos
339 2148 399 2187 non
417 2128 490 2186 rude
510 2147 560 2186 aes
582 2131 805 2206 argentumque,
829 2129 878 2188 sed
902 2129 974 2186 flata
998 2129 1130 2205 signata-

114 2237 171 2293 que
200 2218 327 2293 pecunia
358 2217 540 2276 conderetur.
587 2218 752 2277 coniectare
782 2217 875 2295 igitur
905 2236 934 2277 33
965 2217 1132 2275 detractam

74 2328 99 2367 15
115 2326 177 2367 3333
198 2326 233 2364 33
252 2326 286 2365 33
309 2306 399 2365 verbo
422 2306 583 2365 secundam
606 2306 739 2364 litteram
762 2309 792 2364 et
814 2306 926 2365 sarisas
949 2296 1012 2365 esse
1035 2306 1131 2364 dictas

115 2396 205 2455 cellas
229 2395 374 2470 quasdam
392 2397 423 2454 et
446 2414 559 2472 specus,
583 2396 690 2470 quibus
715 2395 828 2454 aeditui
847 2393 991 2470 Capitolii
1014 2396 1131 2452 uteren-

114 2487 164 2542 tur
187 2485 224 2542 ad
247 2483 454 2543 custodiendas
477 2503 524 2544 res
547 2487 661 2543 3313333
684 2485 849 2562 religiosas.

189 2592 298 2657 Gella,
313 2596 349 2645 10
367 2591 477 2645 Servius
497 2590 637 2659 Sulpicius
660 2591 728 2645 iuris
753 2591 843 2645 3131113
866 2595 976 2658 auctor,
1000 2591 1042 2643 vir
1059 2589 1132 2644 bene

114 2663 256 2718 litteratus
281 2663 393 2730 scripsit
417 2661 453 2714 ad
476 2663 512 2716 M.
537 2662 692 2717 Varronem
714 2662 880 2732 rogavitque
903 2660 1132 2725 utrescriberet,

115 2733 185 2802 quid
203 2733 374 2803 significaret
391 2734 516 2801 verbum,
533 2734 609 2801 quod
623 2733 653 2786 in
668 2735 789 2788 33333313
804 2734 884 2788 libris
899 2733 1036 2802 scriptum
1051 2736 1132 2786 esset.

115 2805 144 2858 id
165 2807 225 2857 erat
244 2805 359 2857 verbum
379 2805 496 2858 ‘favisae
516 2804 712 2874 Capitolinae)
750 2821 822 2860 Varro
841 2819 952 2867 rescripsit
971 2837 997 2843 -
1011 2819 1133 2868 religiosas.

116 2877 190 2930 Nou.
201 2894 231 2945 p.
248 2880 310 2941 112,
323 2880 362 2929 26
380 2876 498 2930 flavisas.
537 2893 584 2930 333
604 2876 661 2929 dici
680 2876 768 2931 Varro
788 2877 929 2942 aestimat,
949 2892 1018 2944 quos
1033 2874 1134 2929 Graeci

115 2947 280 3001 thensauros
304 2950 418 3014 vocant,
448 2947 478 3000 13
506 2947 629 3016 epistula
657 2965 741 3014 quam
769 2947 807 3001 ad
832 2947 957 3001 Servium
978 2946 1135 3015 Sulpicium

116 3018 208 3072 dedii:
228 3032 334 3080 Quintum
348 3033 464 3072 Valerium
478 3033 587 3073 Soranum
601 3052 627 3058 -
641 3033 779 3074 conderetur.
808 3019 890 3072 Paul.
906 3036 936 3087 p.
952 3023 999 3083 88,
1014 3022 1031 3071 4
1049 3017 1135 3071 favifl-

116 3105 164 3143 sae
190 3089 282 3143 locum
311 3090 351 3143 sic
380 3089 571 3158 appellabant,
599 3091 629 3142 in
657 3107 712 3157 quo
738 3092 799 3144 erat
825 3106 899 3158 aqua
924 3089 1033 3142 inclusa
1059 3089 1135 3141 circa

116 3159 230 3229 templa.
268 3163 334 3214 sunt
363 3163 457 3214 autem
485 3161 533 3228 qui
560 3163 672 3230 putant,
701 3161 819 3215 13313333
848 3177 908 3214 3333
935 3161 965 3213 13
994 3159 1134 3228 Capitolio

50 3287 56 3294 ,
117 3232 195 3286 cellis
214 3232 397 3300 cisternisque
416 3232 530 3297 similes,
554 3233 605 3286 ubi
623 3234 722 3301 reponi
742 3235 822 3287 erant
845 3232 929 3286 solita
948 3247 989 3298 ea,
1013 3247 1086 3298 quae
1105 3231 1135 3283 in

116 3302 380 3372 templovetustate
400 3303 575 3357 3333113313
597 3303 719 3357 inutilia.
756 3306 791 3371 cf.
810 3304 960 3358 0313133331.
978 3307 1135 3370 1339333.

118 3375 207 3430 OGL
226 3376 307 3442 Vas,
324 3380 347 3428 1.
377 3379 422 3439 68,
439 3379 463 3429 6.
493 3379 536 3440 69,
551 3379 577 3429 2.
608 3378 728 3440 31153.
767 3377 832 3430 hacc
855 3377 886 3429 ia
911 3376 990 3429 tetris
1016 3374 1135 3442 epistoli-

117 3463 212 3500 carum
230 3447 419 3514 quaestionum
437 3446 522 3512 fcisse
540 3463 624 3514 prope
642 3453 742 3501 3331333
761 3453 806 3500 331.

177 3551 315 3606 33331331
335 3554 472 3610 Merrae-s
491 3552 591 3610 eudem
695 3554 761 3607 set
779 3552 831 3624 all
846 3551 918 3605 talia
1005 3551 1137 3618 religiose
