2422 3840
462 165 489 220 C.
509 166 623 220 Asinius
642 167 732 220 Pollio
1037 169 1101 232 497

159 327 225 380 Geli.
243 333 286 392 10,
300 333 345 394 26,
360 334 375 381 1
395 341 474 382 Asinio
488 342 585 381 Pollioni
599 360 625 366 —
639 345 804 392 uamgreuum.
831 329 954 396 sequitur
971 330 1103 395 refutatio

83 399 185 536 flatelli}
212 401 251 524 c6f5
267 400 341 453 Nori.
358 417 386 467 p.
402 403 465 465 452,
480 404 524 453 28.
563 400 594 453 de
618 402 674 453 loco
698 401 732 465 cf.
753 400 952 465 Kretzsclomer,
976 401 1008 454 de
1033 402 1100 455 Gall.

156 574 171 619 2
191 567 308 621 salustio
316 569 356 639 sl]
366 568 448 636 iquie
468 571 560 623 Paris.
593 568 759 638 sal(1)usti(')
779 569 816 621 in.
836 571 893 622 rell.
984 575 1000 621 6
1019 569 1101 637 posui

89 639 162 693 Voss.
183 639 247 693 Lot.
267 641 297 694 F
309 645 364 693 112
382 641 479 710 Replo.
496 645 549 694 597
567 645 636 693 rre2
658 640 754 709 posuit
776 643 832 694 rell.
926 645 959 692 10
983 657 1015 693 uo
1034 641 1100 693 inde
1127 691 1128 694 ,

82 710 152 776 quin
172 712 231 778 (seq.
247 713 311 778 tra,
331 713 403 765 uude
421 710 505 779 infra)
526 711 600 765 Nori.
683 718 717 763 14
736 711 868 764 dicuntur
881 713 1004 780 plerique
1023 713 1099 766 codd.

351 924 400 976 EX
420 923 605 977 ORATIONE
624 924 695 979 PRO
715 924 831 978 LAMIA

371 1060 391 1116 3
416 1051 464 1135 [p.
481 1059 545 1116 492
570 1049 809 1136 ORF²Meqer]

148 1167 275 1239 itaque
312 1183 504 1239 numquam
539 1184 601 1239 per
639 1163 844 1223 Ciceronem
880 1184 976 1223 mora
1012 1167 1097 1241 fuit,

81 1256 169 1330 quin
194 1256 354 1312 eiuraret
377 1272 458 1311 suas
484 1247 602 1332 [esse],
633 1272 719 1329 quas
744 1254 977 1328 cupidissime
1005 1256 1097 1314 effu-

80 1344 199 1415 derat,
241 1344 428 1401 orationes
470 1345 506 1400 in
547 1343 757 1417 Antonium,
799 1343 1096 1419 multiplicesque

80 1451 225 1491 numero
263 1436 297 1488 et
335 1433 541 1489 accuratius
583 1434 739 1505 scriptas
776 1432 855 1490 illis
892 1435 1096 1491 contrarias

79 1522 184 1580 edere
217 1538 255 1578 ac
286 1520 343 1578 vel
374 1522 451 1594 ipse
485 1521 605 1594 palam
637 1540 699 1594 pro
733 1523 902 1579 contione
938 1524 1095 1579 recitare

79 1609 336 1685 pollicebatur.

150 1707 211 1760 Seu.
230 1723 303 1760 suos.
320 1712 395 1772 6,15
414 1705 504 1760 Pollio
524 1738 558 1746 -
577 1706 650 1759 dixit
672 1705 703 1759 in
723 1707 912 1774 sacratione,
936 1724 1021 1775 quam
1044 1726 1094 1777 pro

79 1778 176 1831 Lamia
196 1777 293 1831 edidit.
313 1777 393 1830 Asini
411 1776 560 1830 Pollionis:
579 1793 655 1840 itaque
668 1810 695 1816 —
708 1793 863 1840 pomcebatur.

150 1881 164 1926 2
185 1891 244 1927 esse
262 1879 321 1930 secl.
342 1877 497 1930 HMuellor

464 2071 513 2123 EX
531 2069 709 2124 HISTORHS

148 2196 182 2260 cf.
202 2197 433 2261 EKoruomarue,
452 2196 496 2250 die
513 2196 574 2250 olet.
594 2196 728 2261 Schriftst.
749 2195 775 2248 d.
790 2196 838 2249 As.
859 2197 929 2249 Poll.
949 2197 981 2249 ire
1000 2197 1091 2251 Flecle

76 2266 189 2320 Jahroo.
217 2268 306 2335 suppl.
325 2271 363 2321 22
391 2269 484 2335 (1896)
507 2284 538 2335 p.
558 2271 612 2321 555
623 2284 661 2334 sq.
713 2267 804 2332 Peter,
836 2268 898 2320 hist.
927 2267 1005 2322 Rom.
1033 2271 1092 2331 rell,

76 2340 164 2407 (Lips
180 2341 263 2406 1906)
278 2357 308 2406 p.
324 2339 521 2406 LXXXVsq.

425 2474 444 2528 r
469 2465 583 2549 [naa
604 2471 622 2528 5
645 2463 741 2548 Peter]

142 2578 282 2652 quoniam
311 2580 343 2635 in
370 2576 446 2636 hanc
474 2579 639 2636 suasoriam
668 2577 840 2649 incidimus,
872 2596 932 2636 non
960 2577 1090 2635 alienum

74 2669 148 2741 puto
171 2667 312 2741 indicare,
339 2665 488 2741 quomodo
513 2669 639 2741 quisque
662 2684 693 2724 se
716 2685 750 2724 ex
773 2664 923 2724 historicis
948 2666 1089 2725 adversus

74 2758 247 2813 memoriam
273 2755 421 2814 Ciceronis
452 2757 583 2831 gesserit.
630 2774 700 2812 nam
724 2755 796 2830 quin
820 2753 921 2813 Cicero
949 2773 1003 2813 neo
1026 2758 1088 2814 tam

73 2845 196 2902 timidus
225 2846 316 2902 fuerit
339 2848 374 2902 ut
401 2848 521 2920 rogaret
542 2844 722 2917 Antonium,
751 2846 891 2902 nectam
919 2845 1029 2902 stultus
1053 2848 1088 2903 ut

74 2935 191 2992 exorari
213 2952 299 3008 posse
323 2953 391 2991 eum
415 2936 556 3008 speraret,
586 2951 672 2991 nemo
696 2933 815 2990 dubitat
838 2936 958 3008 excepto
981 2933 1087 2993 Asinio
1115 2947 1127 2988 o

73 3021 218 3096 Pollione,
245 3025 297 3098 qui
320 3023 529 3081 infestissimus
552 3024 651 3080 famae
675 3020 823 3081 Ciceronis
847 3023 1019 3097 permansit.
1046 3054 1084 3062 —

73 3111 280 3185 adieceratque
303 3112 350 3169 his
375 3105 426 3188 [fr.
447 3105 480 3189 3]
506 3112 567 3168 alia
590 3109 757 3168 sordidiora
778 3112 883 3183 multo,
906 3114 942 3168 ut
965 3110 1087 3169 cuilibet

71 3200 160 3257 facile
190 3201 318 3275 liqueret
345 3201 400 3258 hoe
427 3202 526 3258 totum
554 3200 627 3258 adeo
655 3200 764 3257 falsum
793 3218 869 3274 esse,
900 3202 935 3257 ut
961 3219 999 3257 ne
1021 3200 1086 3275 ipse

73 3288 192 3362 quidem
210 3289 307 3347 Pollio
331 3289 362 3346 in
381 3289 513 3347 historiis
538 3289 598 3347 suis
617 3307 725 3364 ponere
748 3307 838 3346 ausus
859 3291 906 3346 sit.
926 3288 1085 3348 —Pollio

72 3395 191 3452 quoque
223 3377 359 3452 Asinius,
397 3381 450 3453 qui
472 3378 595 3436 Verrem
625 3377 775 3436 Ciceronis
807 3396 891 3435 reum
922 3377 1132 3436 fortissimum

71 3467 247 3524 morientem
274 3467 412 3540 tradidit,
444 3466 594 3526 Ciceronis
623 3469 758 3527 mortem
783 3466 871 3524 sutus
899 3482 941 3519 en
966 3458 1119 3515 <5mexe

65 3555 197 3629 ΜᾶῙῘὲΠθ
209 3558 322 3630 uenat,
342 3557 556 3619 testimonium
572 3561 685 3619 tamen
700 3555 853 3634 quamuis
863 3549 996 3606 'inritus
1007 3541 1151 3608 imm

107 3659 273 3702 &raumaricae
287 3665 410 3708 Romanae
425 3670 569 3720 fragmenta
592 3671 793 3712 ed,1q*nmox,r
886 3651 930 3698 Ὠ
