2422 3840
96 171 162 235 294
245 170 452 225 Grammatioae
471 169 573 224 aetatis
592 169 783 225 Varronianus
803 170 962 242 fragmenta

97 331 227 385 extremis
246 331 441 397 terminantur,
460 330 604 384 vocalibus
623 331 748 400 quinque
767 347 784 384 a
803 347 818 386 e
836 331 847 384 i
866 348 882 385 ο
901 349 920 385 u
935 335 1013 385 -et
1032 332 1113 385 semi·

96 402 241 456 vocalibus
261 420 308 456 sex
326 402 380 455 lm
394 421 412 455 n
426 420 441 454 r
454 421 467 456 s
481 421 500 454 x
516 435 558 467 —,
578 401 648 456 item
666 405 745 456 muta
763 419 820 462 una
839 404 852 455 t
870 406 902 456 ut
922 405 1014 472 eaput.
1048 404 1115 456 sunt

97 474 146 544 qui
165 475 273 527 addunt
293 492 307 528 c
326 477 358 527 ut
376 474 430 538 lae,
449 475 525 542 quod
543 474 632 527 Varro
652 473 768 546 (lator)
788 474 901 544 [addidi
913 476 971 529 soll.
991 475 1028 541 sr.
1043 479 1114 540 242;

97 546 275 599 doctissimus
294 548 363 601 eoni.
383 546 461 617 Keil]
485 545 553 598 artis
573 545 773 615 grammaticae
793 545 968 598 exterminat.
1006 563 1061 601 ene.
1081 563 1116 600 en

96 634 188 672 eorrrrn
212 618 244 668 in
266 617 370 681 Donat.
396 617 488 672 OGK
510 618 615 683 V326,
632 620 669 671 25
692 616 775 669 multi
799 615 929 670 dixerunt
955 618 1030 684 quod
1056 615 1115 670 laet

97 687 153 741 dioi
173 687 299 755 deberet,
323 689 356 740 nt
375 689 450 756 apud
468 687 634 755 Varronem,
658 704 692 741 ea
714 688 824 741 ratione
847 688 914 756 quia
933 688 957 741 si
975 687 1020 741 lae
1040 689 1114 741 esset

96 759 299 826 nominativus,
322 759 391 812 lacis
411 764 485 812 esset
504 758 661 828 genetivus,
685 761 717 811 ut
741 757 802 812 alae
820 758 913 813 aleeis.
951 760 1054 814 Aneod.
1074 760 1113 813 Η.

93 834 233 900 p.120,5
252 829 378 899 plerique
397 831 566 898 putaverunt
584 829 643 884 leot
661 829 718 884 dici
737 829 849 884 adieota
867 832 887 884 t.
916 831 1017 886 Varro:
1038 846 1073 885 lae
1088 863 1114 869 -

96 917 147 956 nes.
171 901 263 956 eaden
277 903 376 967 omisso
391 902 525 957 Varronis
543 903 652 956 nomine
671 902 787 956 tradant
807 903 896 971 Caper
909 903 977 957 ortt.
984 905 1064 969 pse,
1071 905 1113 956 13.

97 973 175 1027 Mar.
185 974 256 1028 Plot.
267 973 328 1027 Sao.
337 977 482 1042 1947123.
498 975 604 1028 Aeson.
622 974 904 1044 pramnatieomastin
915 974 1113 1041 p.168,1541³.

99 1046 185 1099 Mart.
203 1044 268 1111 Cap.
285 1049 310 1110 3,
325 1048 387 1098 307.
408 1045 510 1099 Aneod.
530 1045 569 1098 Η.
581 1062 610 1112 p.
626 1044 800 1098 LXXXVI.
828 1045 863 1110 ef.
879 1045 1113 1113 praetereaVarr.

96 1122 147 1170 sat.
170 1117 255 1170 2613.
306 1117 339 1170 de
364 1117 381 1170 l.
401 1115 435 1169 L.
460 1119 554 1181 5,104
582 1116 673 1184 (Prot.
703 1117 773 1170 cath.
797 1133 827 1184 p.
853 1120 879 1180 7,
893 1119 918 1169 5.
947 1116 1049 1170 Aneed.
1074 1117 1113 1169 Η.

94 1204 123 1255 p.
139 1187 226 1252 XIX,
245 1187 277 1240 de
295 1189 394 1254 qnibns
412 1189 573 1241 testimoniis
590 1193 658 1240 reete
676 1187 811 1241 indicavit
826 1187 982 1241 erneanns
995 1205 1026 1256 p,
1042 1188 1113 1256 110).

98 1258 177 1312 aliter
206 1257 313 1313 Gledon.
335 1275 366 1328 p.
385 1261 436 1324 48,
456 1261 493 1312 23
521 1256 579 1310 laet
602 1257 643 1310 ait
666 1257 754 1311 Varro
780 1273 835 1310 non
864 1256 933 1323 dioi3
961 1275 1114 1326 numquam

98 1328 173 1384 enim
190 1345 291 1382 nomen
311 1347 345 1382 ex
364 1328 472 1382 duabus
495 1328 581 1381 mutis
600 1329 774 1383 terminatur.
812 1331 836 1383 r's
859 1335 950 1382 tarnen
964 1330 1114 1384 Varronem

97 1417 158 1454 enm
178 1401 292 1455 Caesare
310 1401 443 1467 consedit.
472 1400 506 1466 os.
524 1401 680 1454 Wilmanns
697 1401 763 1454 ibid.
797 1407 820 1454 et
841 1401 942 1455 Caesar
959 1401 995 1466 fr.
1012 1404 1053 1455 14.
1082 1401 1114 1454 de

97 1490 125 1525 re
144 1473 226 1526 etiarn
242 1473 383 1541 Waqener,
402 1472 439 1525 N.
453 1472 520 1540 phil.
537 1471 708 1525 anrdselsaa
723 1475 796 1525 1899
815 1490 858 1525 nr.
874 1475 898 1524 4.

516 1624 585 1681 274
614 1615 684 1700 [47]

164 1765 222 1805 non
252 1750 354 1806 carent
377 1748 549 1822 quaestione
577 1746 669 1804 etiam
691 1745 774 1821 plebs
798 1750 829 1804 et
850 1747 921 1804 urbs
945 1748 975 1804 et
997 1745 1114 1820 Pelope,

99 1853 175 1909 quae
199 1835 295 1894 Varro
323 1836 367 1894 ita
395 1835 568 1912 distinguit,
598 1838 634 1893 nt
662 1834 716 1910 pei
737 1835 756 1892 b
780 1839 846 1893 ets
870 1854 904 1893 ea
928 1835 1114 1894 nominativo

99 1942 168 1982 oasu
191 1927 277 1999 putet
299 1943 362 1983 esse
387 1924 549 2000 scribenda,
573 1943 649 1999 quae
673 1924 797 1983 eandem
819 1924 953 1982 litteram
976 1923 1114 2000 genetivo

98 2008 285 2090 (singulari)
308 2013 442 2088 reddant,
470 2017 506 2071 nt
532 2013 616 2088 plebs
639 2012 744 2089 plebis,
772 2013 842 2071 urbs
866 2012 958 2086 urbis,
986 2031 1021 2071 ea
1044 2031 1114 2070 vero

73 2120 152 2177 sper
168 2121 213 2177 ps,
237 2121 312 2177 quae
336 2103 475 2161 similiter
498 2102 635 2179 genetivo
655 2102 786 2160 eiusdem
811 2096 919 2180 [modi]
944 2102 1059 2159 numeri
1082 2103 1114 2158 in

98 2189 144 2266 pis
168 2194 333 2265 excurrant,
356 2194 391 2249 ut
413 2191 520 2266 Pelops
542 2191 670 2266 Pelopis.

172 2290 231 2342 Ter.
251 2290 346 2344 Soanr.
365 2307 396 2358 p.
415 2293 493 2355 27,3
520 2290 680 2357 quaesitum
704 2291 747 2343 est
773 2289 863 2342 hiems
888 2291 981 2341 utrum
1008 2305 1058 2356 per
1080 2305 1114 2356 ps

99 2377 135 2413 an
158 2376 209 2428 per
230 2378 273 2413 ms
297 2361 412 2414 deberet
435 2360 533 2428 eoribi,
557 2378 620 2414 oum
639 2360 746 2428 alioqui
765 2361 882 2414 dubium
900 2359 1026 2425 nonsit,
1046 2359 1114 2428 quin

98 2447 148 2500 per
171 2449 212 2484 ms
236 2432 385 2486 scribenda
409 2431 458 2498 sit,
482 2432 615 2499 quoniam
639 2431 768 2502 genetivo
786 2431 887 2485 hiemis
909 2431 979 2485 feeit
998 2433 1026 2483 et
1045 2447 1114 2497 quo-

98 2499 174 2556 niam
188 2519 270 2571 perp
286 2506 340 2557 ets
356 2520 390 2558 ea
408 2502 569 2556 scribuntur
586 2503 679 2574 [-ban·
698 2503 796 2573 cadell,
816 2519 888 2570 quae
903 2502 979 2571 apud
993 2500 1115 2556 Graecos

99 2573 206 2646 <in>q
221 2574 360 2628 desinunt.
389 2575 462 2628 bene
477 2577 571 2627 antem
585 2591 641 2628 non
655 2575 685 2627 in
697 2585 718 2643 ψ
734 2575 860 2628 desinere
875 2573 1057 2627 manifestum
1072 2575 1114 2626 est

99 2661 188 2710 exeo,
208 2647 283 2712 quod
297 2661 370 2713 quae
386 2645 437 2699 illa
455 2645 552 2699 littera
569 2646 765 2712 terminantur,
785 2647 835 2698 aut
853 2645 884 2698 in
897 2663 951 2706 πος
969 2646 1000 2697 ut
1015 2642 1113 2713 Πέλοψ

99 2713 238 2783 Πέλοπος,
267 2720 316 2770 aut
341 2717 371 2770 in
397 2719 446 2788 βος
474 2717 605 2770 desinunt
633 2717 675 2788 [in
702 2717 837 2770 hoo-nat
862 2716 951 2786 codd]
980 2717 1012 2768 ut
1038 2714 1114 2783 φλέψ

100 2786 208 2858 φλεβός.
259 2789 349 2842 hiems
379 2792 473 2841 nutem
500 2791 629 2842 neutram
656 2787 756 2841 hanun
785 2787 957 2856 syllabarum
984 2786 1114 2856 genetivo

99 2859 173 2930 [gen.
194 2875 244 2913 orn.
264 2861 361 2930 Bern]
380 2859 489 2928 recipit.
530 2859 597 2913 'tem
619 2875 676 2912 non
699 2861 823 2925 constat,
849 2858 996 2912 obscurum
1019 2859 1114 2910 utrum

98 2946 149 2998 per
172 2930 206 2984 ob
231 2948 267 2984 nn
290 2947 340 2999 per
363 2931 525 2999 opdebeat
548 2930 646 2996 soribi,
674 2947 725 2984 neo
749 2931 841 2983 minus
866 2929 981 2983 observo
1006 2927 1113 2994 obside,

100 3018 163 3054 eum
181 3001 211 3055 in
229 3001 287 3055 illis
306 3003 324 3055 b
343 3001 439 3055 littera
458 3001 603 3056 evidenter
625 3019 723 3056 sonum
742 3019 823 3054 sunm
846 3001 979 3054 vindicet.
1016 3025 1062 3053 non
1075 3025 1114 3054 ca-

98 3092 148 3126 rent
161 3105 187 3112 -
201 3088 295 3135 Pelopis.
328 3074 377 3126 sed
395 3072 476 3127 nobis
495 3076 644 3140 utrumque
662 3090 713 3142 per
730 3091 763 3141 ps
781 3072 894 3126 videtur
912 3087 972 3126 esse
992 3070 1113 3124 seriben-

100 3144 175 3210 dum,
194 3145 326 3211 qnoniam
346 3161 379 3197 ex
393 3144 437 3198 his
456 3155 479 3213 ψ
498 3145 594 3198 littera
610 3146 727 3211 constet,
746 3161 832 3212 quam
847 3143 977 3215 genetivo
992 3142 1113 3195 diximus

100 3218 149 3268 aut
176 3214 206 3268 in
233 3216 277 3269 bis
306 3222 355 3269 aut
383 3215 413 3267 in
440 3216 484 3283 pis
513 3216 595 3269 exire.
644 3217 790 3285 Papirion·¹
820 3233 865 3283 ap.
895 3215 1016 3269 Cassiod.
1046 3215 1113 3266 orb.

97 3303 126 3354 p.
147 3291 208 3354 159,
222 3291 261 3342 22
282 3290 360 3355 traps
385 3286 420 3340 ab
444 3303 477 3340 eo
496 3287 570 3356 quod
595 3286 699 3340 dicitur
718 3287 807 3340 trabis
827 3288 855 3341 et
873 3303 940 3353 urps
958 3302 1010 3354 per
1028 3302 1047 3352 p
1066 3285 1114 3337 de·

100 3357 168 3411 bent
186 3358 365 3426 scribilioet
379 3359 467 3412 Varro
486 3375 536 3428 per
553 3358 571 3411 b
591 3357 770 3412 scribendum
788 3359 863 3428 [fort.
883 3360 960 3425 traps
976 3355 1114 3408 —trabis

100 3431 129 3483 et
146 3430 309 3485 secludenda
326 3437 392 3484 snnt
409 3437 434 3484 et
452 3431 593 3500 lependnne
616 3429 712 3499 debet]
736 3431 826 3498 putet,
850 3429 925 3496 quod
948 3428 977 3479 in
997 3426 1113 3494 reliquis

95 3501 210 3553 nasibus
228 3500 247 3554 b
263 3501 372 3555 babent
389 3501 483 3572 [eant
503 3502 620 3573 Carrio}
653 3501 688 3568 of.
706 3502 764 3554 Ter.
781 3501 876 3556 Seanr.
891 3517 918 3567 p.
934 3504 976 3565 14,
987 3504 1011 3552 7.
1031 3503 1076 3563 21,
1087 3502 1112 3551 6.

86 3569 139 3620 Ver
166 3571 259 3643 bone.
279 3591 314 3642 p.
342 3578 386 3642 61,
404 3579 428 3630 5.
458 3578 563 3645 73,12.
612 3575 689 3632 Gurt.
716 3574 806 3628 Voler.
832 3588 877 3648 ap.
903 3570 1026 3623 Cassiod.
1049 3569 1119 3621 ortt.
