2422 3840
120 183 185 246 524
290 182 496 237 Grammaticae
515 183 617 236 aetatis
636 182 798 253 Augusteae
816 182 975 264 fragmenta

188 346 215 395 2.
239 349 315 397 cetus
339 343 470 397 Grussieie'
496 344 560 397 iude
586 345 643 409 sere
669 343 798 397 constitui
816 349 917 412 potest,
945 342 1018 410 quod
1040 344 1137 396 Iulum

117 415 272 468 Antonium
287 415 425 469 triumuiri
438 416 527 482 filium
546 417 653 482 (uotum
667 432 692 467 a.
705 413 821 482 710l44)
838 414 931 467 docuit
950 415 1002 482 (ud.
1018 415 1063 467 De
1078 415 1137 467 lud.

118 488 169 539 litt.
189 491 244 539 test.
266 488 320 554 51),
339 502 399 539 cum
418 488 476 540 ioue
494 487 631 556 hierace
649 486 870 540 commentorium
890 485 1029 551 edidisset,
1053 492 1085 539 ut
1103 503 1137 539 er

118 557 247 611 Suetonio
270 564 392 624 apparet.
418 558 508 611 Verrii
530 559 616 626 iqitar
639 557 762 610 aemulus
781 556 863 624 (Suet.
883 556 960 624 ibid.)
983 557 1139 610 Orussieias

118 630 261 696 aliquanto
279 630 368 683 maior
386 636 457 682 uoto
474 630 538 695 fuit.

189 704 213 754 3.
234 699 306 753 Suet.
331 699 363 752 de
385 717 497 769 oronim.
514 704 550 752 18
575 699 622 752 hic
645 699 727 752 initio
754 698 828 752 circa
854 715 984 751 scaenam
1010 701 1139 752 versatus

118 773 173 835 est,
201 771 268 822 dum
292 771 503 840 mimographus
522 770 646 824 adiuvat.
683 772 717 837 ef.
737 772 887 837 Hillseher,
910 771 1003 823 Flect.
1022 771 1136 824 Jaaroo.

117 844 206 910 suppl.
224 846 260 895 18
279 843 373 910 (1892)
387 860 417 909 p.
434 846 497 896 382.

189 918 214 966 4.
234 913 307 968 Suet.
331 914 397 968 ibid.
423 913 539 966 dimissa
562 915 678 980 repente
702 911 798 965 schola
824 912 880 982 [De
902 912 959 965 lud.
985 912 1036 966 titt.
1056 913 1138 984 iota]

117 984 233 1037 transiit
258 983 295 1036 ad
323 982 353 1047 Q.
374 983 452 1038 Sexti
477 982 638 1052 philosophi
664 985 777 1036 sectam.
815 983 848 1036 de
866 982 968 1037 Seetiis
985 984 1020 1050 cs.
1040 985 1141 1050 Zeller‚

119 1055 192 1109 Phil.
212 1057 237 1109 d.
261 1056 366 1110 Griecle.
387 1055 426 1121 3³,
445 1061 460 1108 1
476 1074 506 1124 p.
523 1059 585 1109 675.

120 1168 353 1224 SCRIPTORUM

191 1263 215 1312 5.
236 1259 309 1314 Suet.
329 1261 395 1313 ibid.
416 1259 659 1313 commentario
679 1259 841 1326 Zmyrnae
860 1259 936 1312 edito
960 1260 1031 1313 adeo
1051 1258 1140 1312 incla-

119 1330 183 1397 ruit,
203 1333 235 1383 ut
254 1329 324 1384 haec
342 1331 376 1384 de
397 1347 429 1384 eo
448 1331 635 1384 scriberentur
649 1330 753 1400 [FPR
762 1349 792 1398 p.
808 1335 862 1384 348
875 1331 936 1401 B.]:
958 1329 1018 1382 ‘uni
1033 1329 1145 1384 Crassi·

121 1401 164 1453 cio
180 1417 209 1455 sc
224 1403 336 1455 credere
350 1402 471 1470 Zmyrna
485 1402 622 1470 probavit,
635 1408 647 1473 s
660 1401 781 1454 desinite
797 1400 905 1455 indocti
919 1401 1050 1472 coniugio
1065 1401 1141 1455 hanc

120 1474 222 1539 petere.
239 1473 252 1542 s
270 1473 323 1526 soli
342 1473 477 1528 Crassicio
498 1491 526 1526 se
546 1473 618 1525 dixit
636 1473 740 1526 nubere
759 1472 844 1538 velle,
860 1474 873 1543 s
890 1473 992 1525 intima
1015 1473 1062 1525 cui
1086 1472 1141 1526 soli

120 1546 188 1596 nota
207 1560 257 1596 sua
276 1545 440 1598 extiterint’.
479 1546 602 1614 Phileros
619 1545 676 1598 bue.
697 1550 722 1610 9,
738 1548 773 1597 35
792 1546 835 1612 (ea
852 1545 952 1599 scholio
971 1544 1028 1598 eod.
1049 1545 1143 1598 Lour.

121 1616 154 1668 ab
181 1617 279 1670 Ursino
298 1617 378 1683 edito)
403 1615 491 1669 Cinna
515 1616 665 1683 Zmyrnam
688 1615 814 1683 scripsit,
838 1631 923 1682 quam
945 1632 1051 1667 nonum
1075 1618 1142 1684 post

121 1702 234 1754 annum,
253 1689 286 1739 ut
305 1685 432 1740 Catullus
451 1687 492 1740 ait
511 1687 619 1757 [95,1],
639 1686 737 1739 edidit.
757 1718 790 1726 -
810 1686 866 1739 fuit
884 1689 979 1739 autem
998 1686 1072 1739 liber
1091 1687 1145 1739 ob·

121 1774 217 1810 scarus
241 1758 325 1824 adeo,
349 1761 381 1810 ut
404 1762 433 1811 et
451 1776 507 1812 non
530 1758 603 1810 nulli
622 1758 681 1811 eius
701 1758 803 1811 aetatis
822 1758 1001 1826 grammatici
1019 1757 1048 1809 in
1076 1776 1141 1810 eum

122 1829 285 1897 scripserint
294 1826 482 1898 magnamque
493 1846 526 1882 ex
536 1829 595 1882 eius
606 1829 782 1882 enarratione
793 1829 849 1882 sint
859 1828 978 1898 gloriam
986 1830 1140 1899 consecuti.

442 1983 477 2046 B.
508 1979 818 2047 FRAGMENTUM

190 2107 234 2162 est
252 2123 305 2179 per
324 2107 458 2178 tempora
475 2106 507 2160 in
527 2103 724 2162 declinatione
744 2105 883 2179 defectus,
908 2123 974 2162 cum
993 2107 1028 2162 ut
1047 2105 1145 2182 signi·

121 2192 290 2251 ficationem
322 2194 464 2267 temporis
498 2193 680 2268 expleamus,
717 2194 853 2266 verbum,
887 2196 923 2250 ut
956 2195 1000 2250 ait
1031 2192 1141 2268 Pansa,

123 2281 246 2340 alterius
270 2284 385 2360 generis
409 2282 613 2357 subrogamus
636 2284 671 2340 ut
689 2287 734 2340 est
758 2283 855 2340 adfert
873 2286 903 2340 et
926 2282 1003 2339 ferit.
1041 2283 1074 2340 in
1093 2283 1143 2340 his

124 2372 203 2428 enim
235 2371 374 2429 dissimili
410 2389 481 2429 voce
518 2369 766 2446 significationem
803 2372 959 2447 praeteriti
995 2372 1143 2447 temporis

97 2459 353 2534 odeclarabimus3
384 2460 508 2518 dicimus
538 2461 617 2516 enim
645 2460 743 2518 adfert
769 2460 887 2532 attulit,
917 2459 989 2517 item
1013 2460 1145 2519 dicimus

123 2550 194 2608 ferit
216 2550 362 2624 percussit
384 2549 546 2623 praeterito
572 2550 711 2622 perfecte.

197 2639 319 2692 Consent-
339 2654 386 2691 ανδ
400 2656 429 2705 p.
450 2643 515 2704 378,
533 2641 571 2690 22
589 2637 658 2690 item
677 2656 709 2691 est
721 2664 761 2701 per
775 2656 875 2700 tempora
888 2670 914 2676 -
928 2652 1033 2698 perfecto.

196 2741 209 2786 1
230 2736 262 2786 ut
276 2752 326 2789 ooo.
338 2737 416 2789 Leid.
491 2742 506 2787 2
526 2735 564 2788 od
573 2735 665 2789 Pansa
679 2737 766 2789 odscr.
777 2737 808 2788 ia
822 2753 907 2805 moro.
918 2735 1051 2804 ungimus
1062 2737 1146 2790 Leid.

125 2810 139 2856 3
160 2805 208 2858 alt.
219 2820 286 2858 voce
296 2821 358 2873 gen.
370 2807 455 2860 Beroe.
466 2807 544 2860 Leide
617 2812 633 2858 5
649 2807 718 2859 decl.
730 2807 832 2861 Puteola
842 2806 1046 2860 declaravimus
1057 2809 1146 2862 Rern.

125 2877 203 2930 Leid.
224 2875 396 2930 declinamus
417 2879 529 2931 Monac.

286 3091 598 3178 SORIBONIUS
626 3092 979 3178 APHRODISIUS

482 3260 787 3326 unsrurouruu

189 3393 267 3453 Suet.
284 3395 318 3452 de
329 3411 453 3469 oramen.
471 3396 511 3450 19
532 3392 702 3451 Scribonius
717 3393 913 3467 Aphrodisius
929 3390 1027 3451 Orbili
1040 3413 1146 3454 servus

106 3486 203 3562 atque
229 3480 399 3567 discipulus
422 3505 494 3548 mox
518 3505 537 3546 a
557 3482 716 3546 Scribonia
727 3481 855 3541 limenas
870 3482 948 3554 alla„
965 3502 1042 3556 quae
1061 3486 1146 3558 prior

88 3573 236 3656 Augusti
271 3602 352 3644 uxor
387 3583 494 3646 fuerat
533 3573 716 3665 [repudiato
745 3575 781 3634 ob
808 3570 939 3644 Aunesis
966 3587 995 3625 a.
1008 3565 1162 3644 arelati„
