2422 3840
142 160 204 224 128
323 159 537 214 Grammaticae·
548 161 798 214 antcvarroniauae
816 160 979 231 fragmenta

140 324 182 376 est
206 337 295 375 sermo
320 324 348 376 et
372 322 534 376 adhibenda
551 324 697 390 tamquam
716 322 832 376 obrussa
850 321 937 388 ratio,
964 337 1040 391 quae
1059 320 1163 375 mutari

140 411 196 447 non
219 395 325 462 potest,
349 409 401 447 nec
424 394 560 447 utendum
583 393 750 461 pravissima
768 392 981 448 consuetudinis
999 391 1112 463 regola.
1130 423 1163 432 -

141 464 260 518 Sisenna
275 467 370 518 autem
384 464 465 532 quasi
479 464 642 518 emendator
656 465 790 518 sermonis
804 464 905 518 usitati
919 481 984 518 cum
999 479 1063 518 ease
1072 463 1164 530 vellet,

141 552 176 589 ne
200 554 217 589 a
241 535 268 590 C.
283 535 370 589 Rusio
394 537 509 605 quidem
532 539 694 590 accusatore
717 535 851 590 deterreri
873 535 968 604 potuit
991 552 1050 604 quo
1073 535 1165 589 minus

140 607 285 660 inusitatis
308 607 400 660 verbis
422 608 556 661 uteretur.
594 607 729 675 quidnam
752 607 826 661 istuc
849 609 910 661 est?
932 607 1028 675 inquit
1050 606 1165 671 Brutum

141 681 191 732 aut
206 679 269 746 quis
284 681 327 732 eat
340 679 395 732 istc
410 678 437 733 C.
453 678 574 732 Rusius?
594 679 697 732 atille:
717 678 773 733 fuit
787 681 941 745 accusator,
955 678 1062 746 inquit,
1076 679 1165 744 vetus,

142 767 197 818 quo
221 752 371 804 accusante
390 749 579 804 OsHirtilium
599 748 718 804 Sisenna
741 749 894 805 defendens
913 749 1000 816 dixit,
1023 749 1165 818 quaedam

142 821 201 875 eius
216 820 380 889 sputatilica
398 837 458 875 esse
473 822 598 875 crimina.
631 825 692 874 tum
711 821 738 876 O.
753 821 870 875 Rusius:
890 819 1105 888 circumvenior,
1122 820 1164 874 in·

142 893 212 960 quit,
232 892 350 959 iudices,
368 892 424 946 nisi
441 892 604 947 subvenitis.
633 892 751 946 Sisenna
765 892 835 962 quid
849 892 927 946 dicat
940 892 1051 957 nesci03
1070 893 1164 945 metuo

141 963 268 1019 insidias.
302 963 473 1032 sputatilica‚
497 963 566 1032 quid
585 966 628 1019 est
647 964 717 1019 hoc?
746 966 829 1033 sputa
848 964 917 1033 quid
936 963 974 1017 sit
993 961 1063 1029 scio,
1086 962 1166 1017 tilica

141 1035 245 1092 nescio.
282 1035 408 1089 maxumi
435 1035 520 1101 risus3
549 1035 599 1090 sed
621 1035 671 1090 ille
694 1039 789 1090 tamen
811 1035 961 1089 familiaris
984 1049 1066 1088 meus
1090 1036 1165 1090 recte

142 1106 222 1174 loqui
239 1106 360 1175 putabat
378 1123 439 1160 esse
457 1106 594 1161 inusitate
612 1106 698 1176 loqui.
732 1109 766 1174 cf.
781 1114 838 1162 teat.
852 1112 879 1162 2.
897 1107 935 1173 fr.
950 1110 976 1160 3.

214 1192 240 1243 2.
266 1188 353 1242 Varro
381 1205 426 1256 ap.
452 1188 520 1242 Geli.
540 1192 567 1252 2,
580 1192 660 1253 25,9
692 1186 810 1242 Sisenna
836 1204 909 1240 unus
944 1185 1108 1241 ‘adsentio’
1136 1185 1166 1239 in

143 1261 243 1314 senatu
257 1257 371 1312 dicebat
385 1261 413 1313 et
428 1275 492 1312 eum
510 1261 609 1327 postea
622 1258 705 1312 multi
720 1258 817 1326 secuti,
836 1273 928 1326 neque
941 1259 1040 1312 tamen
1055 1258 1166 1312 vincere

143 1330 374 1385 consuetudinem
388 1331 547 1398 potuerunt.
578 1329 671 1399 Quint.
683 1336 708 1396 1,
718 1334 744 1396 5,
756 1335 790 1385 13
804 1328 922 1384 Sisenna
931 1327 1006 1382 dixit
1017 1329 1164 1384 ‘assentio'

143 1401 282 1470 multique
301 1403 330 1454 et
348 1401 422 1454 hunc
442 1404 470 1454 et
489 1401 633 1468 analogias
653 1402 751 1455 secuti.

215 1486 240 1536 3.
260 1482 332 1550 quod
355 1482 473 1536 Sisenna
498 1498 590 1535 rerum
616 1482 733 1550 scribtor
760 1482 831 1536 uem
853 1499 887 1536 ae
910 1482 1010 1535 Plauti
1031 1480 1167 1550 interpres

150 1555 243 1607 Vossio
266 1553 333 1607 duce
356 1552 407 1606 diu
429 1554 602 1607 existimatus
624 1559 675 1618 est,
698 1553 729 1606 id
751 1569 835 1621 quam
857 1553 927 1606 miro
951 1569 1043 1607 errore
1061 1552 1167 1618 facum

143 1626 181 1678 sit
194 1625 273 1695 bodie
286 1626 471 1678 iaueeouatct.
499 1625 534 1690 cf.
550 1625 706 1690 Buecheler,
720 1626 785 1678 Lat.
801 1622 926 1678 Delum*
935 1640 966 1692 p.
983 1628 1047 1679 122.
1068 1624 1168 1692 Berylc,

144 1697 274 1750 Baitai.
294 1696 359 1749 Lat.
381 1695 502 1749 Gromua.
519 1700 579 1750 124.
621 1695 722 1750 Pbalol.
743 1700 790 1760 29,
805 1699 868 1750 328.
910 1696 1046 1765 ceteroqui
1070 1695 1103 1749 de
1125 1695 1168 1749 bic

144 1769 255 1824 uberius
274 1769 305 1820 iu
323 1768 408 1820 altero
427 1767 563 1820 uolumine
581 1767 793 1835 disputabimus.

489 1965 525 2028 B.
548 1963 823 2030 FRAGMENTA

531 2121 580 2174 EX
598 2121 776 2175 HISTORIIS

478 2259 496 2313 1
522 2249 639 2333 [HRF
656 2258 720 2313 133
733 2250 830 2333 Peter]

213 2366 290 2438 Lyd.
314 2364 349 2422 dc
371 2381 448 2436 uuo.
473 2364 502 2430 3,
518 2365 559 2420 74
584 2388 626 2407 =
656 2362 751 2421 Varro
774 2379 830 2419 rer.
853 2362 931 2418 lcum.
955 2362 994 2435 fr.
1013 2364 1081 2421 126

503 2549 686 2603 INCRRTAR
707 2548 807 2603 SEDIS

479 2685 502 2741 2
526 2678 574 2761 [eu
596 2685 651 2741 iuc.
675 2684 771 2755 script.
797 2677 830 2760 3]

219 2792 427 2850 mediterream
471 2789 577 2848 melius
620 2808 710 2864 quam
755 2789 1003 2847 mediterraneam
1046 2787 1174 2848 Sisenna

147 2881 208 2939 dici
231 2884 326 2957 putat.

221 2981 304 3034 Paul.
320 2979 394 3033 Fosi.
404 2997 435 3047 p.
452 2982 514 3043 123,
528 2983 566 3032 22
583 2991 739 3031 mediterream
755 3007 789 3016 -
803 2993 873 3039 putat.

578 3131 599 3186 3
632 3121 738 3206 [deest]

216 3240 290 3295 item
313 3237 413 3313 plures
434 3240 535 3312 patres
558 3234 689 3292 familias
713 3233 808 3292 dicere
827 3252 887 3291 non
910 3232 1090 3308 debuerunt,
1113 3233 1172 3310 sed,

150 3330 184 3386 ut
209 3326 334 3385 Sisenna
357 3326 469 3398 scribit,
492 3328 592 3400 patres
616 3323 808 3381 familiarum.

227 3418 315 3471 Varro
342 3416 375 3469 de
402 3416 419 3468 l.
440 3416 473 3467 L.
498 3419 526 3479 8,
542 3418 577 3468 73
612 3427 666 3466 icem
683 3444 710 3451 —
728 3427 871 3466 emmaum.
923 3413 1006 3466 Prot.
1034 3413 1069 3467 de
1100 3428 1171 3468 uem.

138 3507 175 3560 p.
191 3493 256 3554 211,
269 3492 309 3543 27
323 3489 407 3555 pater
424 3484 548 3539 familias
568 3500 604 3536 an
622 3485 704 3552 pater
722 3483 865 3536 familiae?
893 3484 976 3550 pater
992 3481 1120 3537 familias
1137 3482 1171 3537 ab

134 3559 268 3626 antiquis
288 3558 441 3614 dicebatur
461 3599 700 3615 ...........
719 3556 833 3609 secutus
850 3555 896 3607 est
912 3553 1110 3620 cinaedm
1123 3552 1175 3607 aad
