2422 3840
462 178 499 233 M.
518 177 628 231 'llrllius
647 175 743 233 Cicero

293 422 296 427 -
372 448 374 453 ,
432 376 475 443 Β.
499 374 773 443 FRAGMENTA
811 450 812 454 ¹

585 528 610 583 ,1

163 622 283 680 litterae
301 623 394 696 ipsae,
417 625 443 681 si
462 623 501 680 ad
519 624 665 683 elementa
683 622 855 696 referamus,
877 622 976 680 neutri
995 624 1113 700 generis

96 713 179 786 sunt,
209 711 286 770 sicut
313 711 430 770 Tullius
459 711 547 785 dixit,
577 714 612 769 ut
638 711 694 769 hoc
721 731 751 768 m
779 711 834 768 hoc
857 712 881 782 1,
912 714 937 771 si
966 712 1004 770 ad
1030 712 1111 786 ipsas

95 799 221 871 litteras,
244 800 389 858 feminini.

90 926 92 930 -
169 889 277 943 Oledeo.
292 907 321 958 p.
337 894 383 956 26,
398 893 435 946 32
448 904 539 945 nem
552 922 579 929 -
592 904 701 943 remmmr.

585 1026 603 1080 1
610 1026 625 1054 a

163 1106 264 1178 omnes
274 1121 395 1179 litterae
405 1122 521 1198 generis
531 1123 602 1180 sunt
611 1121 710 1179 neutri
719 1122 750 1178 et
759 1138 875 1197 semper
887 1121 1112 1183 indeclinabilia

96 1211 166 1266 sunt
186 1201 362 1286 [numquam
377 1204 586 1288 declinantur]⁸
619 1212 663 1267 ait
678 1207 780 1267 Cicero
799 1208 831 1268 in
846 1208 1049 1270 Siciliensibus
1065 1205 1112 1290 [in

102 1297 181 1356 Verr.
197 1299 228 1367 2,
244 1293 336 1377 187]:
356 1294 462 1374 ‘usqne
477 1299 515 1356 ad
530 1299 656 1357 alterum
675 1298 822 1356 rlitterae
841 1302 938 1358 essent
956 1295 1110 1378 integrae'.

168 1395 276 1450 &ledon
292 1414 321 1464 p.
337 1401 385 1463 28,
401 1401 436 1450 17
454 1422 530 1451 omnes
543 1429 570 1436 -
583 1411 690 1460 magra.
723 1397 816 1451 eadem
834 1397 909 1452 dccet
929 1399 1016 1452 Verre
1034 1399 1070 1464 sr.
1087 1405 1109 1451 1.

167 1499 182 1546 2
202 1511 229 1546 n.
249 1493 318 1547 decl.
337 1495 397 1549 secl.
417 1495 483 1549 Keil
546 1492 728 1562 sicelyensius
742 1495 803 1550 cod.
823 1494 923 1564 (sibus
937 1512 984 1550 cm.
999 1513 1050 1550 ree.
1065 1502 1111 1565 m.)

95 1583 134 1619 aa
153 1564 294 1619 Siciliensi
311 1564 356 1618 II?
445 1570 507 1632 ὃς.
527 1565 684 1619 adaliarnm
703 1564 743 1619 eri
770 1577 788 1608 r
806 1577 823 1608 r
849 1566 947 1621 littere
965 1567 1111 1622 essetinte·

95 1652 163 1705 grae
177 1638 226 1705 (cf.
246 1637 368 1702 Bcrtseh,
382 1637 474 1704 praefi
495 1637 532 1690 ad
552 1637 660 1691 Cledon.
674 1654 706 1706 p.
721 1639 740 1691 1
746 1637 782 1704 V)

513 1788 514 1793 ,
585 1762 620 1827 1⁶

163 1883 270 1942 genere
300 1869 406 1925 neutro
425 1867 555 1943 legimus
585 1867 710 1927 litteras.
756 1867 871 1944 legistis
901 1869 934 1926 in
958 1867 1111 1931 Cicerone:

96 1949 256 2030 ‘utusque
280 1955 407 2014 alterum
430 1949 465 2013 r'.
498 1957 630 2016 litteram
649 1975 712 2016 non
737 1956 873 2017 declines

166 2055 262 2125 Pomp.
281 2061 417 2109 comment.
432 2072 463 2124 p.
479 2060 541 2121 111,
556 2060 591 2109 10
609 2057 637 2108 eli
655 2079 735 2118 genere
748 2086 775 2096 —
788 2070 892 2111 declines.
1000 2087 1004 2095 ¹

167 2157 180 2204 1
197 2170 222 2221 g.
241 2153 341 2207 neutro
364 2152 394 2204 in
418 2153 544 2208 cicerone
559 2153 653 2222 ,figura
676 2170 733 2221 qua
751 2152 884 2207 scribitur
901 2154 958 2210 cod.
977 2154 1005 2208 S.
1025 2156 1114 2210 Pauli

94 2225 214 2279 Laconi.
301 2229 317 2277 t
335 2223 454 2278 alteram
471 2225 550 2280 codd.
564 2231 676 2292 praeter
694 2226 787 2279 Pares.
806 2225 992 2296 saproc,-
1009 2227 1057 2279 sed
1075 2227 1110 2292 cf.

96 2295 149 2349 Oic.
169 2297 201 2348 ire
222 2296 338 2361 Verr.2,
353 2300 406 2349 187
424 2298 563 2363 utusque
583 2295 620 2348 ad
639 2295 757 2348 alterum
776 2313 791 2348 r

587 2431 610 2488 2

165 2529 360 2585 consonantes
387 2528 467 2585 inter
493 2544 524 2584 se
550 2520 701 2605 [aepactae
722 2521 886 2606 cocontnr]‚
913 2527 965 2586 sed
990 2531 1110 2604 proprie

96 2617 167 2672 sunt
194 2620 350 2692 cognatae,
381 2634 456 2690 quae
485 2615 577 2674 simili
604 2615 783 2692 figuratione
811 2616 870 2675 oris
899 2616 1046 2691 dicuntur,
1075 2622 1110 2675 ut

95 2706 141 2761 est
163 2703 182 2761 b
205 2704 220 2761 f
242 2698 282 2783 [s]
307 2725 337 2763 m
360 2724 394 2780 p,
422 2704 529 2780 quibus
554 2703 655 2763 Cicero
683 2704 777 2764 adicit
798 2724 831 2780 v,
860 2724 920 2765 non
943 2725 1009 2764 eam
1032 2725 1109 2781 qnae

94 2792 241 2866 accipitur
268 2812 322 2869 pro
350 2793 460 2868 vocali,
496 2793 547 2852 sed
575 2812 640 2852 eam
668 2813 744 2873 qnae
774 2796 964 2854 consonantis
994 2794 1109 2855 obtinet

92 2883 189 2941 vicem
204 2885 240 2941 et
252 2884 428 2958 anteposita
445 2882 544 2941 vocali
561 2881 596 2940 fit
613 2885 649 2940 ut
668 2883 746 2941 aliae
765 2901 883 2958 quoque
904 2887 1108 2943 consonantes.
1132 2906 1145 2946 e

165 2983 240 3036 Mar.
271 2982 338 3035 Vici.
360 2998 390 3049 Ρ.
412 2984 511 3046 18,14
545 2981 614 3034 ilem
638 2997 785 3035 comonantee
802 3012 830 3020 —
848 3006 936 3044 qnoque
954 2999 1107 3036 consonantes

92 3055 126 3119 cf.
153 3054 207 3108 (iic.
231 3057 373 3107 crot158
401 3051 481 3120 (Gall.
503 3056 546 3118 15,
561 3056 587 3117 3,
602 3055 685 3120 lea).
731 3052 798 3122 Nep.
823 3052 885 3122 Fe'p.
906 3053 946 3118 fr.
965 3057 1008 3108 24.
1052 3053 1106 3108 Vel.

91 3125 180 3194 Lonp.
195 3129 286 3192 pto,
301 3128 325 3177 7.

164 3229 179 3276 3
199 3239 211 3275 s
228 3223 289 3277 secl.
309 3222 369 3275 cdd.
586 3302 606 3358 3

152 3401 234 3462 ¹sciat
271 3402 362 3458 etiam
399 3392 644 3479 [praeornatam]
689 3396 824 3458 Ciceroni
861 3399 1009 3474 placuisse
1046 3399 1108 3458 aiio

90 3490 273 3564 Maiiamque
292 3489 444 3565 geminata
459 3490 471 3544 i
483 3487 632 3564 pscribere
644 3487 735 3566 qum
746 3488 778 3548 si
790 3490 851 3564 est,
866 3488 968 3549 etnam
978 3485 1138 3554 iungat&

90 3583 126 3636 nt
149 3596 317 3636 consonans.
1167 3597 1169 3600 <

882 3670 942 3727 ‘ll‘
