2422 3840
333 176 346 212 3
430 154 462 207 -Ρ,
481 153 615 224 Nigidius
633 153 750 224 Figulus
1035 152 1096 216 177

520 325 562 381 42
586 317 657 401 [73]

147 434 219 490 sunt
255 432 307 506 qui
338 430 446 489 Ianum
483 429 607 488 eundem
640 449 703 489 esse
740 432 831 505 atque
865 429 1036 504 Apollinem
1068 433 1099 488 et

78 520 210 580 Dianam
237 518 348 594 dieunt,
375 523 406 578 et
427 521 460 577 in
487 519 543 578 hoo
565 537 624 578 uno
648 521 807 594 utrumque
836 519 962 594 exprimi
988 538 1099 577 numen

78 609 246 668 adfirment.
301 612 332 666 et
354 611 446 682 enim,
479 610 556 667 sieut
577 607 719 685 Nigidius
743 626 861 684 quoque
884 607 984 682 refert,
1017 607 1099 683 epud

79 696 207 758 Graecos
230 697 340 774 Apollo
364 697 474 757 oolitur
497 699 551 773 qui
573 701 702 776 θυραῖος
724 699 857 770 vocetur,
885 698 1007 772 eiusque
1030 714 1098 755 urus

79 791 149 846 ente
168 785 247 859 fores
266 804 335 846 sues
354 787 514 861 eelebrent,
536 789 635 863 ipsum
655 787 750 846 exitus
769 790 800 844 et
817 785 959 845 introitus
978 785 1098 845 demon·
1126 797 1139 838 s

80 879 209 936 strantes
242 878 409 952 potentem3
446 876 526 935 idem
554 875 664 951 Apollo
698 874 779 950 epud
810 875 879 934 illos
912 877 942 933 et
978 871 1099 954 ἀγυιεὺς

79 967 280 1041 nuncupetur,
303 965 390 1040 quasi
408 965 466 1024 viis
489 965 677 1041 praepositus
701 965 822 1023 urbanis
847 956 908 1046 (illi
926 964 1006 1022 enim
1024 964 1099 1038 vies,

80 1073 156 1130 quae
179 1057 260 1114 intre
283 1053 416 1130 pomerio
439 1058 518 1128 sunt,
545 1051 651 1133 ἀγυιὰς
679 1045 861 1134 appellant);
888 1053 1005 1112 Dianae
1028 1071 1098 1111 vero

79 1148 114 1204 ut
132 1143 252 1202 Triviae
270 1142 388 1204 viarum
408 1143 542 1202 omnium
562 1143 700 1202 tribuunt
722 1144 910 1219 potestatem.
949 1141 1000 1201 sed
1018 1141 1099 1217 apud

79 1253 132 1294 nos
151 1233 259 1292 Ionum
282 1231 419 1292 omnibus
441 1251 578 1307 proeesse
601 1233 700 1292 ianuis
724 1251 832 1290 nomen
855 1231 994 1306 ostendit,
1019 1230 1099 1306 quod
1113 1243 1139 1283 1⁰

79 1326 125 1382 est
148 1321 246 1381 simile
274 1321 401 1405 θυραίῳ.
446 1341 517 1379 nem
540 1325 570 1380 et
593 1340 659 1379 oum
683 1321 762 1380 olavi
785 1340 820 1380 ue
843 1323 929 1398 virge
952 1319 1099 1397 figuretur

80 1411 167 1487 quusi
190 1411 323 1470 omnium
343 1413 373 1469 et
391 1415 545 1485 pomarum
570 1414 670 1469 eustos
694 1414 724 1469 et
746 1414 845 1469 rector
867 1409 993 1468 viarum.
1030 1427 1098 1483 pro-

80 1501 234 1560 nuntiavit
246 1499 388 1576 Nigidius
402 1499 575 1575 Apollinem
589 1499 696 1558 Ionum
711 1518 773 1558 esse
788 1499 979 1574 Dianamque
992 1498 1099 1558 Ionem

79 1589 254 1666 adposited
278 1589 390 1663 littere,
414 1607 490 1664 quae
513 1608 600 1664 saepe
624 1592 636 1647 i
658 1589 778 1648 litterae
802 1607 892 1648 eausa
914 1586 1027 1647 decoris
1046 1586 1098 1646 ud-

78 1680 211 1754 ponitur,
233 1678 348 1736 reditur
370 1678 544 1736 redhibetur
567 1678 788 1755 redintegretur
811 1680 842 1737 et
865 1677 983 1736 similia.
1113 1687 1138 1726 ¹⁵

152 1778 278 1831 Muerob.'
297 1783 322 1843 1,
337 1781 395 1843 9,5
427 1792 493 1829 num
516 1795 568 1830 sunt
582 1791 621 1839 qui
634 1808 661 1816 -
675 1791 797 1830 eremius.
843 1778 893 1830 hoo
914 1777 1013 1845 frapm.
1037 1791 1099 1828 oum

77 1849 114 1915 fr.
129 1853 173 1902 43.
193 1852 235 1901 44.
256 1851 292 1902 45
319 1850 435 1915 [masse
458 1849 495 1902 ad
518 1865 587 1915 opus
610 1849 654 1901 De
679 1848 735 1902 diis
758 1849 885 1917 pertinet.
931 1848 965 1913 os.
992 1846 1097 1911 Ooruifi

77 1921 115 1987 fr.
133 1925 161 1975 2.
201 1919 270 1974 Gau.
289 1920 371 1973 Boos.
390 1920 427 1985 fr.
447 1924 472 1973 9.

150 2009 325 2063 4ΘΙΡΛΙΟΕ
340 2011 432 2064 Paris.
525 2009 707 2063 θΑΤΥΙΕΥΟ
726 2009 825 2062 Bamb.
840 2014 907 2062 m.1
999 2004 1097 2075 lviis]

78 2079 121 2134 vis
141 2081 240 2134 Bamb.
259 2098 293 2134 m,
310 2087 325 2134 1
436 2087 467 2134 11
488 2082 531 2133 est
549 2098 599 2135 om.
619 2082 711 2136 Pares.

519 2235 561 2290 43
600 2235 643 2290 72

148 2339 258 2397 nostris
292 2337 442 2398 veteribus
480 2225 691 2398 oaesieldidte
723 2343 781 2413 est,
819 2355 895 2414 quae
928 2355 946 2396 a
978 2334 1098 2394 Graecis

79 2430 259 2506 γλαυκῶπις,
285 2430 321 2486 ut
343 2427 484 2504 Nigidius
507 2429 560 2502 eit,
588 2426 624 2486 de
647 2428 745 2488 oolore
769 2427 853 2500 oaeli,
880 2427 966 2502 quusi
994 2425 1097 2483 oselie.

171 2525 239 2580 Geli.
259 2530 346 2592 2,26,
362 2530 397 2579 19
426 2541 508 2580 nostris
531 2527 626 2580 aulem
649 2541 762 2581 veteribus
776 2558 802 2565 -
816 2540 894 2579 euelie.
931 2524 965 2590 ef.
991 2524 1046 2579 Cic.
1065 2522 1098 2577 de

78 2603 137 2650 not.
152 2597 178 2650 d.
199 2603 224 2663 1,
239 2601 283 2651 83.
323 2597 404 2652 OGL
419 2599 460 2651 II.
472 2602 517 2664 95,
532 2603 576 2652 39.
619 2599 719 2665 V275,
734 2601 778 2652 65.
816 2597 901 2651 Sohol.
926 2597 983 2650 Ter.
1002 2613 1029 2664 p.
1045 2597 1098 2648 145

79 2667 177 2722 Selloe.
220 2669 252 2721 de
270 2669 444 2722 eolwoatioue
464 2670 498 2735 os.
518 2671 556 2723 ud
573 2669 609 2735 fr.
625 2673 669 2724 42.

153 2763 167 2808 1
188 2757 279 2810 oeetie
298 2757 370 2826 (-oie
394 2759 491 2828 Valle.)
511 2759 602 2812 Paris.
623 2758 790 2828 Lupd-Bat.
811 2758 897 2812 Vetto.

519 2913 560 2966 44
601 2913 641 2966 71

148 3015 202 3072 elii
225 3014 338 3088 dieunt,
366 3015 532 3090 exquibus
555 2903 704 3094 Nigidius,
733 3034 833 3074 omnes
857 3014 927 3073 deos
950 3013 1097 3089 indigetes

79 3102 293 3180 cognominari,
317 3104 388 3178 quio
411 3102 524 3162 nullius
547 3104 690 3181 indigent.

151 3202 237 3257 Schol.
253 3203 338 3257 Beru.
352 3219 440 3272 peorp.
457 3209 482 3268 1,
491 3207 548 3256 498
568 3203 710 3273 indigetes
727 3221 745 3256 u
758 3202 867 3256 Latinis
886 3200 935 3268 qui
952 3215 969 3253 e
984 3197 1097 3252 Graecis

81 3273 196 3344 ἔμμωχοι
224 3273 362 3344 [enniehiz
391 3291 438 3327 ern⁴
462 3274 596 3345 Simonis]
623 3274 763 3327 dicuntur.
800 3287 840 3328 aui
858 3304 884 3311 -
902 3285 1010 3334 indigent.
1047 3267 1097 3322 elii

80 3344 220 3415 indigetes
234 3345 347 3414 proprie
366 3345 595 3413 interpretentur,
614 3362 734 3413 quorum
751 3345 867 3415 propriu
885 3342 1000 3396 nomine
1018 3341 1097 3408 igno-

79 3417 186 3482 rentur,
208 3418 242 3469 ut
257 3420 331 3492 'sunt
354 3416 395 3470 dii
414 3415 543 3484 Penates,
567 3416 635 3470 item
660 3416 700 3470 dii
719 3416 802 3470 Leres
826 3417 855 3469 et
878 3414 918 3467 dii
938 3412 1097 3490 Consentes,

80 3503 199 3554 quorum
214 3486 389 3555 singulorum
407 3487 522 3542 nomino
540 3487 716 3558 ignorentur.
749 3487 816 3543 ulii·¹
832 3485 983 3556 indigetes
994 3493 1116 3555 proprus

80 3561 146 3612 sunt
172 3558 213 3610 dii
235 3575 271 3610 ex
289 3558 452 3613 hominibus
475 3559 556 3630 faeti,
588 3562 675 3634 quusi
699 3563 735 3618 in
759 3561 820 3617 diis
846 3559 985 3630 ugentes,
1011 3552 1138 3604 uuum

119 3653 284 3696 Grammaticus
300 3657 424 3702 nomm
442 3662 585 3715 fragmenta
603 3668 643 3710 ed.
664 3669 805 3710 uuisioni
883 3655 924 3705 Ὠ
