2422 3840
420 161 457 214 M.
476 159 623 215 Terentius
642 157 731 216 Vnn'o
810 213 814 219 .
935 181 938 189 ·
1018 162 1085 226 281

63 330 224 390 -verborum
248 334 349 389 autem
371 329 426 388 illa
449 329 556 405 quibus
580 331 616 388 de
638 330 685 389 his
709 329 881 405 disputatur
911 321 995 410 (nam
1019 349 1085 390 cum

67 420 103 478 de
126 418 224 478 verbis
252 419 336 494 loqui
359 420 419 477 nisi
441 419 539 477 verbis
566 437 757 494 nequeamus,
786 422 905 478 etcum
933 419 1086 494 loquimur
1114 437 1141 477 oo

66 526 126 567 non
149 509 210 568 nisi
228 507 264 565 de
287 507 437 583 aliquibus
460 507 547 566 rebus
570 500 746 588 loquimur),
769 510 898 568 occurrit
919 508 1018 566 animo
1041 511 1087 567 ita

64 616 131 656 esse
154 597 246 656 verba
274 597 360 674 sigua
382 616 494 670 rerum,
524 600 628 655 utres
651 615 713 655 esse
737 616 796 656 non
827 597 973 656 desinant.
1004 609 1087 656 'oum

64 706 138 764 ,ergo
164 685 285 745 verbum
313 704 363 744 ore
385 685 533 762 procedit,
564 687 589 744 si
616 690 739 762 propter
766 705 797 745 se
824 687 960 762 procedit
987 685 1017 757 id
1041 689 1087 746 est

63 778 103 837 ,ut
130 775 167 834 de
182 769 260 850 ¹ipso
288 775 378 834 verbo
410 774 526 850 aliquid
556 778 717 850 quaeratur
745 778 798 833 aut
827 775 1006 851 disputetur,
1038 794 1086 834 res

63 867 113 928 ,est
140 866 244 939 utique
272 863 472 940 disputationi
502 863 730 939 quaestionique
761 864 908 939 subiecta,
942 864 993 923 sed
1020 866 1087 940 ipsa
1114 883 1140 924 os

67 971 115 1012 res
138 952 265 1012 verbum
287 955 419 1012 vocabu.
459 953 602 1028 quioquid
626 955 727 1011 autem
751 973 785 1011 ex
808 953 899 1012 verbo
921 972 982 1012 non
1005 954 1086 1013 suris

67 1042 119 1102 sed
138 1043 254 1100 animus
278 1042 419 1101 sentitet
441 1042 506 1118 ipso
526 1043 625 1099 animo
648 1044 768 1101 tenetur
785 1043 944 1115 inclusum,
967 1042 1086 1102 dicibile

67 1134 200 1192 vocatur.
247 1149 319 1189 cum
337 1150 408 1189 vero
431 1131 555 1190 verbum
582 1131 717 1206 procedit
744 1151 803 1189 non
831 1135 953 1207 propter
981 1150 1012 1190 se
1036 1131 1087 1190 scd

67 1223 191 1296 propter
220 1220 304 1278 aliud
334 1219 450 1295 aliquid
481 1219 716 1297 significandum,
740 1219 831 1278 dictio
861 1222 993 1280 vocatur.
1039 1239 1086 1279 res

66 1312 169 1370 autem
200 1309 267 1384 ipsa
299 1328 375 1384 quae
404 1311 466 1367 iam
496 1309 619 1366 verbum
650 1328 710 1367 non
740 1313 785 1367 est
814 1327 911 1384 neque
940 1309 1025 1368 verbi
1054 1310 1086 1366 in
1101 1329 1141 1369 ioo

66 1400 167 1456 mente
190 1400 353 1473 conceptio,
377 1399 439 1456 sive
458 1398 568 1456 habeat
585 1397 709 1456 verbum
728 1416 786 1473 quo
806 1398 977 1474 significari
991 1401 1088 1474 possit

65 1487 131 1550 sive
160 1505 219 1546 non
247 1487 369 1559 habeat,
401 1486 486 1545 nihil·
505 1487 587 1546 aliud
615 1506 706 1562 quam
733 1506 780 1545 res
810 1490 936 1546 vocatur
964 1489 1086 1563 proprio

66 1575 128 1634 inm
151 1577 280 1635 nomine.
317 1577 394 1634 haec.
414 1594 484 1653 ergo
504 1578 648 1651 quattuor
666 1576 809 1634 distincta
832 1578 999 1650 teneantur,
1022 1596 1087 1635 ver·

67 1664 139 1723 bum
158 1665 277 1724 dicibile
297 1664 388 1723 dictio
411 1684 467 1724 res.
505 1665 582 1740 quod
603 1665 665 1722 dixi
687 1664 819 1738 verbum,
842 1668 873 1724 et
895 1665 1018 1724 verbum
1042 1667 1087 1724 est

68 1756 99 1812 et
121 1753 246 1812 verbum
269 1753 426 1830 significat.
473 1754 553 1828 quod
576 1754 637 1811 dixi
661 1753 789 1827 dicibile,
819 1754 939 1812 verbum
965 1757 1011 1813 est
1033 1773 1086 1814 nec
1101 1772 1141 1813 ios

64 1845 170 1902 tamen
189 1842 313 1906 verbum
332 1842 383 1902 sed
397 1843 476 1918 quod
495 1844 528 1900 in
541 1842 631 1901 verbo
650 1842 836 1919 intellegitur
850 1847 880 1901 et
899 1842 999 1905 cnimo
1018 1861 1086 1902 con·

68 1931 183 1990 tinetur
211 1931 367 2008 significat.
414 1930 493 2006 quod
521 1931 583 1989 dixi
611 1931 779 2004 dictionem,
810 1931 933 1990 verbum
961 1935 1007 1991 est
1035 1932 1087 1990 sed

69 2020 152 2096 quod
175 2020 235 2079 iam
254 2020 309 2078 illa
331 2021 390 2078 duo
414 2020 503 2078 simul
525 2020 557 2078 id
581 2022 676 2078 estet
697 2022 797 2095 ipsum
816 2020 937 2080 verbum
958 2023 988 2079 et
1008 2021 1087 2095 quod

68 2109 103 2168 fit
125 2111 157 2167 in
181 2111 281 2169 animo
305 2110 504 2185 perverbum
527 2109 684 2185 significat.
732 2109 811 2184 quod
835 2110 898 2168 dixi
919 2129 991 2182 rem,
1021 2128 1086 2168 ver-

65 2198 139 2257 bum
162 2201 208 2258 est
236 2198 313 2273 quod
341 2201 461 2274 praeter
483 2198 538 2257 illa
564 2199 624 2256 tn'a
648 2217 724 2273 quae
748 2198 829 2258 dicta
852 2202 921 2257 sunt
944 2197 1086 2273 quicquid
1101 2218 1141 2258 no

67 2289 164 2348 restat
186 2287 343 2364 significat.
366 2320 404 2328 -
425 2287 516 2346 verba
539 2288 605 2363 ipsa
625 2289 774 2362 quispiam
793 2306 828 2346 ex
846 2307 881 2347 eo
899 2290 988 2363 putat
1005 2287 1087 2346 dicta

70 2376 149 2452 qnod
180 2395 282 2434 aurem
310 2379 398 2451 quasi
427 2376 598 2451 verberent3
630 2378 735 2450 immo,
764 2379 866 2452 inquit
889 2376 976 2450 alius,
1007 2375 1086 2451 quod

68 2484 176 2524 aerem
214 2464 264 2524 sed
287 2465 361 2541 quid
388 2463 513 2525 nostra?
548 2484 608 2524 non
635 2484 745 2543 magna
771 2466 808 2524 lis
831 2469 885 2540 est,
912 2485 983 2523 nam
1005 2468 1086 2523 uter-

67 2574 127 2630 que
152 2573 170 2612 a
193 2555 376 2613 verberando
399 2554 487 2613 buius
511 2555 650 2614 vocabuli
673 2554 818 2632 originem
841 2555 943 2613 trahit.
981 2554 1033 2613 sed
1050 2553 1086 2612 de

68 2647 240 2702 transverso
267 2645 374 2702 tertius
402 2644 471 2702 vide
498 2663 588 2719 quam
615 2645 711 2700 rixam
740 2644 866 2718 inferat,
899 2641 978 2718 quod
1006 2645 1085 2705 euim
1100 2661 1139 2703 ns

68 2742 173 2790 uerum
195 2751 258 2806 n0S,
287 2732 339 2807 ait,
367 2733 451 2807 loqui
474 2735 592 2807 oportet
615 2731 809 2808 odiosumque
831 2732 866 2790 fit
888 2735 998 2790 natura
1018 2734 1085 2809 ipsa

67 2822 220 2879 iudicante
248 2822 447 2896 mendacium,
477 2820 601 2879 verbum
625 2839 643 2879 a
666 2841 736 2879 vero
764 2821 1009 2899 cognominatum
1032 2824 1085 2880 est.

68 2929 122 2969 nec
150 2911 302 2987 ingenium
332 2913 473 2986 quartum
500 2910 611 2979 defuit;
646 2929 716 2967 nam
744 2914 813 2969 sunt
841 2912 895 2985 qui
921 2909 1087 2969 verbuma

69 3018 140 3060 xero
155 2999 277 3074 quidem
291 2998 404 3058 dictum
418 3001 536 3075 putant,
555 2998 607 3058 sed
619 2998 717 3074 prima
731 2999 848 3074 syllaba
862 2999 936 3058 satis
953 2998 1085 3058 animad-

69 3107 156 3146 versa.
179 3087 338 3147 secundam
361 3087 479 3166 neglegi
502 3107 562 3147 non
586 3090 731 3163 oportere.¹
769 3088 894 3146 verbum
917 3088 997 3146 enim
1019 3105 1085 3145 cum
1101 3108 1140 3149 no

69 3177 210 3250 dicimus,
242 3177 396 3252 inquiunt,
427 3179 524 3253 prima
555 3177 617 3234 eius
647 3175 765 3252 syllaba
794 3196 897 3236 verum
927 3176 1085 3253 significat,

69 3265 198 3324 secunda
217 3284 336 3340 sonum3
359 3268 414 3324 hoc
436 3266 514 3324 enim
537 3266 643 3325 volunt
666 3283 728 3324 esse
748 3260 852 3340 ‘bum',
874 3264 952 3324 unde
972 3265 1086 3324 Ennius

70 3348 140 3433 [inc.
162 3354 203 3413 50
220 3347 280 3433 W]
314 3374 419 3413 sonum
449 3353 558 3430 pedum
592 3350 749 3412 ‘bombum
779 3351 903 3431 pedum'
935 3355 1023 3429 dixit,
1056 3355 1087 3412 et

70 3444 179 3520 βοῆσαι
202 3441 308 3501 Gracci
330 3444 467 3501 clamare.
487 3475 528 3483 —
553 3462 623 3520 ergo
646 3443 773 3502 verbum
794 3444 917 3502 dictum
936 3446 987 3501 est
1007 3443 1106 3513 duem

70 3551 88 3590 a
124 3551 228 3602 verum
264 3531 392 3607 boando,
429 3533 486 3594 boc
523 3535 570 3596 est
605 3553 717 3595 verum
753 3533 909 3595 sonando.
941 3559 987 3570 —-
1018 3520 1133 3579 Qtdxdx
1141 3529 1191 3568 ub
