2422 3840
406 220 443 274 11.
463 219 609 275 Terentius
628 219 716 273 Varro
1003 217 1067 282 311

54 389 234 467 principium
253 389 349 448 Varro
373 388 464 447 111111
486 390 617 466 praefert
639 389 787 466 principio
807 388 972 446 Menandri.
1008 407 1069 446 non

54 479 178 540 obscura
201 479 282 537 fama
305 481 351 537 ost
374 478 510 538 adiutum
533 479 705 538 Terentium
727 479 760 536 in
782 477 901 553 scriptis
925 497 943 536 a
965 475 1068 535 Laelio

54 571 85 628 11
108 567 259 642 Scipione,
287 586 411 643 eamque
438 570 502 644 ipse
526 570 611 626 anxit
637 586 801 643 numquam
823 569 883 625 nisi
908 567 1016 626 leviter
1038 584 1069 625 11

53 659 149 716 tutari
172 661 308 732 conatus,
338 659 372 714 ut
395 659 427 715 in
449 657 573 735 prologo
596 656 801 734 Adelphorum
826 649 957 735 [15aq.]:
989 650 1070 713 ‘nam
1084 673 1109 714 11

54 746 134 822 quod
153 746 204 805 isti
223 746 327 804 dicunt
344 745 494 821 malevoli,
516 747 650 806 homiues
669 746 783 804 nobiles
804 739 818 825 1
837 747 915 803 hunc
934 744 1070 804 adiutare

54 835 231 910 assidueque
249 854 309 893 una
333 835 474 910 scriber03
492 829 508 914 1
529 835 606 910 quod
630 834 676 894 illi
699 834 889 894 maledictum
912 833 1069 894 vehemens

54 943 117 984 esse
137 926 326 998 existumant,
346 922 362 1001 1
381 943 446 982 eam
469 925 588 983 laudem
607 924 655 985 hic
673 924 756 983 ducit
778 943 956 999 maxumam,
980 942 1070 999 quom

53 1014 116 1073 illis
136 1014 244 1090 placet,
264 1006 278 1092 1
300 1013 946 1090 1111111111111111111111111111111111,
966 1005 980 1092 1
998 1031 1069 1087 quo-

54 1122 123 1161 rum
141 1122 232 1178 opera
254 1104 286 1160 11
308 1102 387 1161 bello
410 1105 441 1161 iu
465 1105 527 1162 otio
550 1105 584 1161 in
606 1106 726 1180 negotio
746 1096 761 1183 1
782 1121 834 1162 suo
854 1103 978 1179 quisque
995 1104 1070 1161 1111-
1084 1121 1111 1160 41

55 1211 126 1268 pore
158 1195 244 1251 usust
276 1193 339 1251 sine
372 1187 534 1268 superbia'.
589 1193 707 1252 videtur
740 1194 840 1251 autem
872 1192 967 1250 levius
997 1185 1070 1269 <11>

56 1281 230 1355 defendisse,
252 1283 324 1356 quia
342 1281 455 1340 sciebat
474 1285 504 1340 et
522 1280 625 1340 Laelio
644 1285 674 1341 11
693 1280 826 1357 Scipioni
843 1301 903 1341 non
921 1281 1070 1359 ingratam

54 1389 118 1430 1111
148 1370 224 1428 hano
254 1371 437 1445 opinionem,
469 1389 545 1446 qnae
574 1373 640 1429 tum
668 1391 702 1430 eo
729 1372 826 1449 magis
854 1373 885 1429 et
911 1389 1004 1445 usque
1032 1369 1070 1426 ad

53 1460 221 1536 posteriora
247 1462 384 1534 tempora
411 1460 518 1519 valuit.
565 1458 595 1518 0.
619 1459 775 1519 Memmius
798 1461 830 1517 in
854 1462 988 1519 oratione
1016 1478 1070 1535 pro

54 1567 85 1608 11
113 1543 158 1607 ‘R
176 1543 348 1606 Africanus'
376 1549 476 1623 inquit
501 1543 532 1607 ‘a
555 1549 694 1608 Terentio
721 1568 880 1626 personam
907 1551 1070 1621 mutuatus,
1084 1567 1110 1606 41

55 1656 131 1714 quae
151 1637 231 1696 domi
254 1638 368 1696 luserat
390 1639 462 1714 ipse,
485 1639 604 1697 nomine
627 1638 709 1698 illius
732 1639 764 1696 in
784 1657 922 1698 scaenam
941 1632 1069 1696 detulit’.

54 1729 191 1802 -post
214 1727 308 1785 editas
332 1727 498 1786 comoedias
525 1728 659 1786 noudum
686 1728 824 1802 quintum
852 1731 941 1804 atque
967 1727 1071 1786 vicesi-

54 1835 136 1874 mum
160 1834 294 1892 egressus
319 1835 442 1890 annum,
473 1816 566 1874 animi
587 1835 677 1888 causa
701 1818 732 1875 et
754 1817 894 1876 vitandae
922 1817 1070 1891 opinionis

56 1923 115 1980 qua
151 1904 310 1964 videbatur
346 1905 444 1964 aliena
480 1924 534 1981 pro
567 1906 628 1965 suis
663 1904 763 1982 edere,
800 1925 852 1966 seu
888 1905 1071 1982 percipiendi

56 1993 236 2053 Graecorum
254 1995 394 2053 instituta
413 2014 566 2071 moresque
583 2013 656 2070 quos
676 2013 735 2053 non
753 1995 876 2071 perinde
896 1996 1071 2070 exprimeret
1085 2013 1111 2052 11

54 2083 86 2141 11
110 2084 240 2159 scriptis,
263 2102 396 2160 egressus
419 2079 534 2162 (urbe)
558 2087 604 2144 est
625 2103 721 2160 neque
745 2085 873 2160 amplius
896 2084 994 2143 rediit.
1034 2084 1070 2142 de

54 2175 150 2231 morte
169 2173 232 2230 eius
246 2172 404 2231 Volcacius
423 2174 466 2232 111
484 2174 578 2232 tradit
598 2167 649 2251 [11.
665 2168 714 2252 3]:
738 2169 801 2232 ‘sed
820 2177 854 2232 ut
867 2173 942 2232 Afer
959 2173 1070 2249 populo

55 2281 106 2321 sex
125 2261 206 2320 dedit
229 2261 404 2337 comoedias,
424 2271 436 2341 1
457 2263 514 2321 iter
532 2262 602 2320 hinc
629 2263 660 2320 11
683 2262 787 2322 Asiam
805 2263 889 2321 fecit:
912 2266 946 2321 ut
964 2282 1070 2321 navem

55 2343 382 2428 11111111111111111,
412 2351 495 2410 visus
522 2371 686 2428 numquam
714 2359 771 2411 est:
802 2355 844 2410 sic
871 2353 935 2410 vita
962 2346 1070 2411 vacat'.

55 2437 269 2508 ucosoonius
294 2433 399 2518 [113]
423 2440 595 2499 redeuntem
619 2461 634 2498 1
659 2440 783 2500 Graecia
806 2442 917 2516 perisse
941 2441 972 2498 in
995 2441 1071 2498 mari
1086 2457 1111 2496 11

55 2528 129 2588 dicit
147 2546 213 2586 cum
238 2522 274 2606 [O
290 2532 320 2586 et
333 2523 421 2607 VHI]
446 2529 556 2589 fabulis
581 2532 729 2589 conversis
748 2549 767 2588 a
785 2530 957 2604 Menandro,
981 2531 1072 2588 ceteri

54 2620 206 2676 mortuum
229 2636 292 2676 esse
315 2619 347 2676 in
365 2618 495 2677 Arcadia
519 2612 718 2699 [Stymphali]
742 2620 805 2678 sive
823 2618 987 2679 Leucadiae
1010 2622 1070 2677 tra·

55 2706 132 2766 dunt
156 2704 206 2764 (ln.
232 2705 368 2766 Cornelio
392 2707 550 2767 Dolabella
572 2708 611 2765 M.
635 2708 742 2768 Fulvio
765 2708 918 2767 Nobiliore
945 2707 1070 2766 consuli·

54 2796 122 2869 bus,
155 2796 258 2854 morbo
287 2795 475 2872 implicatum
505 2816 540 2854 ex
570 2797 671 2855 dolore
702 2816 736 2856 ac
765 2797 864 2856 taedio
895 2799 1071 2856 amissarum

55 2887 239 2944 sarcinarum
263 2904 337 2960 quas
360 2888 392 2942 in
415 2905 491 2945 nave
513 2887 709 2961 praemiserat
733 2905 766 2945 ac
790 2887 879 2946 simul
901 2886 1072 2945 fabularum
1086 2904 1112 2942 so

55 2992 130 3049 quas
149 2993 241 3032 novas
265 2975 383 3033 fecerat.
420 2975 511 3034 fuisse
531 2974 640 3033 dicitur
658 2975 800 3036 mediocri
819 2978 945 3050 statura,
967 2975 1072 3052 gracili

55 3082 186 3139 corpore,
220 3063 317 3121 colore
344 3065 435 3122 fusco.
481 3064 604 3139 reliquit
630 3063 737 3137 filiam,
770 3084 845 3140 quae
877 3068 946 3141 post
978 3067 1072 3139 equiti

55 3145 189 3211 Romano
213 3154 329 3228 nupsit3
351 3153 425 3212 item
447 3153 582 3212 hortulos
605 3153 659 3211 XX
682 3154 819 3231 iugerum
842 3154 892 3212 via
911 3153 1011 3230 Appia
1034 3153 1072 3212 ad

54 3241 161 3299 Martis
180 3233 320 3321 [villam].
359 3261 417 3318 quo
431 3242 527 3319 magis
541 3242 634 3302 miror
647 3242 786 3302 Porcium
799 3242 940 3303 scribere:
960 3237 1071 3318 ‘Scipio

54 3330 98 3388 nil
116 3331 240 3405 profuit,
258 3330 302 3388 nil
320 3329 449 3404 Laelius
472 3331 516 3389 nil
533 3331 653 3405 Furius,
673 3325 688 3410 1
707 3335 768 3391 tres
787 3352 840 3407 per
857 3331 936 3390 idern
953 3335 1071 3407 tempus
1086 3349 1112 3388 11

56 3421 108 3495 qui
138 3419 295 3496 agitabant
322 3419 436 3478 nobiles
465 3421 623 3479 facillime:
657 3414 671 3500 1
705 3441 806 3481 eorum
835 3421 889 3479 ille
918 3439 1016 3494 opera
1038 3439 1084 3472 ne

56 3507 174 3566 domum
196 3508 315 3582 quidem
333 3509 440 3568 habuit
459 3509 693 3590 conducticiam,
718 3504 724 3589 1
749 3511 865 3572 saltem
880 3502 1027 3566 1111111
1043 3515 1112 3571 uun

50 3597 181 3657 rcrbrret
200 3596 313 3655 obitum
338 3598 455 3660 domini
484 3600 656 3666 servulus’.
695 3605 789 3664 huno
817 3597 979 3661 hirenius
1001 3584 1144 3660 1111111
