2422 3840
435 179 471 233 M.
491 179 638 233 Terentius
657 178 744 233 Varro
1030 176 1095 241 331

81 339 115 395 de
128 341 184 400 fob.
200 344 226 407 3,
236 342 261 394 5.
295 340 366 395 Sero.
384 340 459 411 Verp.
474 358 499 412 p.
511 344 608 406 4,150.
666 345 741 409 ltaq.
759 338 851 408 Quint.
868 343 1012 406 12‚10,64
1030 338 1096 406 (Cio.

81 412 163 466 ΒΜ.
174 415 218 466 50.
243 412 348 466 Aaou.
358 413 428 481 prof.
439 413 529 466 Βανά.
538 413 620 466 XXI
626 416 662 465 16
667 432 676 477 ;
690 419 760 481 prat.
771 419 823 466 aot.
836 412 914 465 VIII
921 416 955 465 19
960 431 970 476 ;
983 427 1023 478 ep.
1032 411 1098 464 XII

82 488 160 552 Ian.
176 484 228 553 P.).
259 488 334 552 l'laq.
350 485 384 551 of.
401 484 488 538 Varro
507 484 543 549 fr.
559 488 601 537 58.
637 482 760 537 Maerot.
776 487 801 549 1,
816 487 842 549 5,
858 487 899 536 14.
934 481 988 536 Oia.
1008 482 1040 536 de
1058 499 1097 536 or.

80 558 108 620 a,
118 557 179 608 155.
204 560 268 608 tuac.
279 559 305 621 4,
316 558 340 608 5.
366 555 443 609 arua
457 561 526 622 poa.
537 559 564 620 a,
575 558 634 608 137.
659 555 697 607 aa
711 555 912 620 Astraeae.
937 555 1011 607 Prot.
1028 554 1096 608 sato

82 643 136 680 ma.
147 630 186 680 aa
200 627 286 694 (Ptin.
302 644 328 679 a.
339 627 364 679 s.
377 630 402 691 r,
413 630 485 694 112).
515 627 624 680 Aerias.
639 643 663 679 v.
673 627 699 679 a.
710 631 736 690 3,
747 630 789 680 17.
818 626 896 680 naa.
912 625 938 678 a.
949 626 967 678 a.
984 629 1009 691 5,
1019 629 1062 688 14,
1072 628 1097 678 3.

82 698 148 751 haee
163 697 200 751 ad
220 698 247 751 V
261 697 361 751 librum
375 699 419 752 De
432 714 509 752 seraa
525 697 589 751 Lat.
605 698 702 753 colluto
715 699 751 764 t'r.
763 702 799 751 40
815 697 950 765 pertinere
962 697 1097 751 uideatur.

153 801 169 846 3
189 795 337 864 apponiox.
356 795 424 863 (ixa
440 796 536 864 Vatia.)
556 811 612 848 non
626 811 724 849 mecon
738 795 814 850 codd.
835 797 894 863 (om.
911 794 1098 865 Lupa-But.):

81 884 129 921 em.
150 867 363 922 IFGronovius
434 882 540 934 nosque
556 867 642 920 Vatia.
726 871 758 920 19
778 866 810 919 R.
830 866 894 920 add.
915 867 1001 920 Horta
1020 866 1098 920 dabi-

81 946 159 1005 11113,
168 939 223 993 sed.
233 939 268 1005 es.
282 937 349 992 Gell.
360 942 404 1004 17,
414 942 503 1004 21,49
586 937 749 1007 legaverunt
758 936 927 1006 imperatum
936 937 1099 1007 Laod-Bet.

81 1015 115 1063 20
134 1009 357 1063 remitterent-
372 1009 496 1062 fecerant
513 1009 675 1080 LapetBot.
691 1010 777 1063 Votis.
833 1014 867 1061 24
886 1008 986 1062 cacilio
1006 1009 1098 1063 Paria.

81 1080 179 1135 eeoilio
199 1082 361 1152 Lupa-But.
378 1083 463 1136 Vetto.
484 1079 578 1134 Caelio
598 1081 759 1135 Macrobius

169 1285 215 1340 ΠΙ.
236 1285 439 1340 VERBORUM
458 1284 640 1340 ORIGINUM
661 1285 1008 1339 EXPLICATIONUMVE

153 1412 185 1466 de
204 1411 353 1478 disciplina
371 1412 512 1466 verboram
530 1411 648 1482 origiue's
666 1412 743 1479 opud
761 1412 889 1479 antiquos
903 1412 937 1477 of.
949 1411 1098 1478 Woelfflin,

80 1484 163 1538 Aroh.
182 1483 202 1549 f.
222 1483 287 1537 Lat.
311 1485 379 1537 Lea.
400 1487 427 1548 8,
442 1487 576 1537 420-40.
597 1487 733 1537 sor-85.
780 1482 929 1548 Steiuthal,
955 1483 1047 1537 Geaoh.
1071 1483 1097 1536 d.

81 1554 219 1623 Specto.
240 1555 349 1622 (Berlin
363 1556 446 1622 1891)
467 1560 491 1619 1,
507 1559 601 1622 33Isq.

81 1695 356 1750 PRAENOMINUM

554 1797 619 1852 323

148 1902 244 1959 Varro
273 1900 422 1978 simplicia
445 1902 477 1959 in
500 1901 591 1959 Italia
618 1902 739 1959 nomina
766 1901 857 1960 fuisse
882 1900 924 1960 ait
948 1902 1098 1960 existima·

85 1990 234 2066 tionisque
253 2009 324 2049 suae
343 1993 550 2068 argumentum
569 1989 668 2064 refert,
688 1989 768 2065 quod
781 1989 926 2048 Romulus
944 1992 975 2049 et
988 1991 1098 2050 Remus

82 2080 112 2138 et
143 2079 304 2139 Faustulus
337 2098 432 2155 neque
464 2098 644 2154 praenomen
678 2079 774 2136 ullum
806 2098 902 2154 neque
935 2097 1098 2157 cognomen

81 2168 249 2227 habuerint.
278 2201 322 2209 —
351 2168 501 2228 Romanos
532 2173 630 2227 antem
662 2167 866 2227 arbitrandum
898 2171 942 2226 est
971 2170 1098 2227 maxime

82 2257 118 2316 ab
147 2257 272 2316 Albanis
306 2260 336 2316 et
366 2257 485 2316 Sabinis
517 2257 813 2333 multiplicandorum
845 2259 998 2315 nominum
1031 2276 1098 2318 eon·
1126 2279 1138 2319 s

83 2346 271 2406 suetudinem
297 2348 436 2421 traxisse,
467 2348 609 2422 qnoniam
637 2347 674 2405 ab
701 2346 763 2405 illis
787 2349 847 2406 orti
874 2349 952 2405 sunt.
999 2349 1099 2407 omnia

83 2439 191 2508 autern,
220 2456 295 2511 quae
318 2436 356 2494 ad
379 2456 472 2494 unum
495 2455 642 2511 quemque
670 2439 805 2494 nostrum
829 2435 1028 2494 definiendum
1051 2455 1097 2494 ex·

82 2525 216 2602 eogitata
239 2528 323 2599 sunt,
355 2525 477 2584 eandem
502 2526 562 2584 vim
587 2524 774 2602 significandi
801 2525 930 2584 hominis
953 2524 1097 2584 obtinent.

82 2613 161 2690 quod
180 2613 299 2691 proprie
317 2616 378 2673 tale
393 2614 511 2688 dieitur,
530 2615 584 2672 hoo
599 2613 701 2687 distat,
721 2615 792 2689 quia
807 2632 840 2672 eo
856 2633 928 2691 gens
947 2616 1098 2691 eognosoi-

83 2706 143 2777 tur,
167 2704 292 2778 ideoque
316 2704 426 2762 dieitur
449 2703 642 2782 gentilicium.
683 2706 780 2762 cetera
804 2703 906 2762 ordine
929 2703 1138 2779 variantur31o

83 2811 154 2850 nam
191 2793 269 2867 quod
310 2795 505 2870 praeponitur
545 2811 740 2867 praenomen,
782 2790 861 2868 quod
897 2795 966 2868 post
1004 2794 1099 2852 fertur

84 2900 256 2959 cognomen,
287 2882 365 2957 quod
389 2881 426 2939 ad
450 2882 598 2954 ultimum,
626 2881 736 2940 dieitur
759 2900 912 2957 agnomen.
939 2913 976 2922 -
1003 2885 1098 2960 genti·

84 2971 155 3030 lioia
178 2973 300 3029 nomina
323 2972 418 3030 Varro
446 2973 535 3046 putat
561 2972 652 3030 fuisse
679 2989 802 3029 numero
827 2986 878 3044 00,
905 2971 1098 3046 praenomina

84 3060 161 3118 oiroa
175 3060 265 3118 XXX.
281 3059 381 3135 pueris
400 3080 459 3118 non
478 3060 561 3135 prius
579 3080 670 3135 quam
688 3062 790 3136 togam
804 3060 922 3118 virilem
941 3063 1098 3135 sumerent,

83 3148 191 3225 puellis
209 3167 270 3209 non
289 3152 359 3209 ante
378 3168 468 3224 quam
491 3148 637 3208 nuberent
659 3150 853 3225 praenomina
873 3150 988 3224 imponi
1006 3151 1097 3209 moris
1113 3171 1137 3212 1⁶

83 3238 176 3297 fuisse
209 3237 241 3307 Q.
266 3238 409 3298 Scaevola
442 3241 547 3296 auetor
579 3241 630 3296 est.
690 3257 767 3313 quae
800 3238 871 3296 olim
903 3241 1097 3314 praenomina

83 3328 218 3401 fuerunt,
255 3346 333 3386 nuno
370 3329 546 3403 cognomina
582 3329 666 3400 sunt,
702 3330 737 3385 ut
771 3326 929 3387 Postumus
960 3327 1097 3405 Agrippa

83 3415 225 3475 Prooulus
250 3415 366 3476 Caesar.

154 3517 214 3569 Iao.
233 3515 265 3568 de
276 3533 418 3584 proeaom.
440 3519 511 3570 1-3
529 3531 604 3572 Varro
617 3549 645 3557 -
657 3530 791 3573 nannenus.
827 3514 883 3582 opii
897 3512 937 3566 eln
957 3528 993 3563 eo
1012 3509 1128 3580 §ussan-

79 3584 154 3639 tr'unt
174 3585 255 3640 aiunt
271 3588 392 3642 matrem
417 3607 518 3645 eorum
536 3590 631 3648 Reum
649 3590 778 3647 Silvium
799 3587 961 3648 notatam,
981 3590 1077 3630 om
1085 3567 1152 3619 ᾖ·
