2422 3840
82 184 110 239 G.
130 184 230 238 Ateius
248 183 356 253 Capito.
394 185 425 239 Τ.
443 183 546 237 Livius.
583 184 736 252 Augustus.
774 141 802 236 (l
821 181 969 235 Maecenas
1031 181 1097 246 569

153 349 178 399 3.
196 345 264 399 Geli.
281 351 324 410 10,
338 349 413 411 24,1
434 344 479 397 die
495 345 594 412 quarto
614 344 642 397 et
662 341 707 395 die
726 342 833 409 quinto,
849 342 924 410 quod
939 341 1039 396 Graeci
1057 342 1097 404 εἰς

79 415 214 486 τετάρτην
233 417 280 469 καὶ
301 417 340 479 εἰς
354 413 482 485 πέμπτην
502 413 608 481 dicunt,
627 412 663 467 ab
683 413 801 467 eruditis
816 430 890 466 nunc
909 429 1019 481 quoqne
1039 412 1096 466 dici

80 486 179 554 audio,
204 489 232 541 et
257 487 305 554 qui
330 486 414 540 aliter
436 486 508 540 dicit
529 503 579 554 pro
602 485 666 538 rudi
690 487 774 551 atque
799 484 914 538 indocto
933 484 1095 552 despicitur.

80 559 130 612 sed
148 558 237 612 Marci
256 557 343 611 Tullii
362 560 440 611 aetas
459 574 492 610 ac
511 573 596 624 supra
610 574 672 609 eam
685 572 750 622 non,
769 556 877 624 opinor,
896 556 938 608 ita
952 555 1095 621 dixerunt3

81 630 226 697 diequinte
246 630 321 683 enim
340 631 369 683 et
387 628 528 697 diequinti
550 645 600 696 pro
626 627 759 681 adverbio
779 626 909 695 copulate
928 627 1035 680 dictum
1055 630 1098 681 est
1124 632 1138 673 ⁵

82 702 205 755 secunda
222 701 252 754 in
272 717 304 755 eo
324 699 435 769 syllaba
454 701 590 766 correpta.
619 699 699 752 divus
718 699 805 752 etiam
819 699 962 767 Augustus
982 697 1096 768 linguae

80 772 198 826 Latinae
218 789 271 827 non
291 772 402 825 nescius
421 771 679 838 munditiarumque
698 770 787 838 patris
811 769 854 822 sni
873 771 903 823 in
923 770 1097 825 sermonibus

81 845 205 899 sectator
222 844 252 897 in
271 842 400 911 epistulis
418 841 596 911 plurifariam
615 841 820 911 significatione
839 841 895 894 ista
914 840 1022 895 dierum
1041 859 1097 896 non

82 914 166 969 aliter
184 932 251 968 usus
270 918 321 968 est.

151 990 176 1040 4.
198 988 251 1040 Vel.
272 987 359 1057 Lonp.
375 1002 406 1053 p.
426 989 502 1051 67,4
529 984 605 1039 varie
628 984 714 1037 etiam
740 984 930 1051 scriptitatum
952 987 996 1038 est
1018 1002 1096 1038 man·

81 1056 195 1125 cupium
214 1058 365 1124 aucupium
383 1056 541 1121 manubiae,
562 1055 585 1108 si
600 1056 714 1122 quidem
729 1054 756 1109 O.
772 1053 875 1108 Caesar
887 1071 937 1123 per
951 1056 961 1108 i
976 1055 1097 1124 scripsit,

79 1131 112 1181 ut
131 1130 249 1196 apparet
267 1144 302 1181 ex
319 1127 411 1181 titulis
435 1127 536 1195 ipsius,
563 1128 593 1180 at
611 1126 756 1196 Augustus
780 1126 813 1198 [i]
837 1144 887 1195 per
905 1144 936 1193 u,
959 1128 991 1180 nt
1010 1129 1098 1181 testes

82 1202 147 1252 sunt
165 1200 224 1253 eius
243 1198 448 1266 inscriptiones.
485 1201 520 1266 cf.
541 1199 643 1253 Caesar
661 1205 716 1252 test.
733 1203 775 1251 10.
1041 1259 1043 1263 ,

153 1275 178 1324 5.
201 1270 294 1340 Quint.
310 1275 335 1336 1,
351 1275 377 1336 6,
393 1274 427 1323 19
445 1270 590 1340 Augustus
605 1285 716 1337 quoque
735 1269 764 1321 in
783 1268 913 1337 epistulis
932 1270 968 1322 ad
986 1267 1013 1322 Ο.
1029 1268 1097 1323 an-

81 1357 172 1395 sarem
191 1341 302 1409 scriptis
322 1342 465 1409 emendat,
489 1341 565 1408 quod
583 1341 607 1393 is
627 1340 750 1394 calidum
769 1341 861 1393 dicere
880 1356 966 1408 quum
985 1340 1097 1394 caldum

81 1413 174 1481 malit,
192 1429 248 1466 non
267 1412 335 1480 quia
353 1412 383 1465 id
402 1430 458 1467 non
478 1412 515 1465 sit
533 1412 674 1479 Latinum,
694 1412 742 1464 sed
762 1412 829 1478 quia
855 1411 892 1464 sit
915 1413 1046 1465 otiosum¹
1060 1413 1096 1478 et,

81 1485 114 1537 ut
138 1483 198 1552 ipse
225 1483 330 1538 Graeco
355 1483 440 1538 verbo
466 1483 649 1552 significavit,
676 1479 832 1551 περίεργον.
877 1485 911 1550 cf.
931 1484 1098 1550 Brarnbocb5

81 1557 208 1625 Neupect.
228 1556 254 1608 d.
274 1557 338 1610 Lot.
361 1554 434 1609 ono.
449 1573 479 1623 p.
495 1560 558 1610 202.
774 1590 775 1593 =

154 1631 178 1680 6.
200 1629 276 1681 Mar.
293 1628 359 1681 Vict.
375 1643 405 1695 p.
424 1630 450 1692 9,
469 1631 486 1679 4
512 1626 592 1678 divus
611 1625 755 1694 Augustus
779 1625 908 1694 genetivo
928 1642 994 1678 casu
1012 1625 1098 1678 huius

82 1697 179 1751 domos
198 1713 277 1751 meae
295 1713 346 1765 per
364 1715 393 1763 o,
417 1714 473 1752 non
497 1699 530 1749 ut
548 1713 598 1750 nos
616 1713 668 1765 per
686 1714 704 1748 u
724 1695 848 1750 litteram
866 1697 986 1765 scripsit.
1024 1697 1097 1750 Mes-

82 1768 154 1822 salla
177 1769 280 1822 Brutus
299 1768 427 1837 Agrippa
451 1785 502 1835 pro
529 1785 622 1821 sumus
649 1767 744 1820 simus.
782 1768 854 1823 Soet.
874 1771 947 1839 Aop.
968 1772 1005 1822 87
1028 1769 1097 1821 item

83 1839 169 1892 simus
187 1857 238 1908 pro
258 1857 352 1892 sumus
371 1842 400 1893 et
419 1840 515 1893 domos
534 1837 664 1907 genetivo
680 1855 746 1892 casu
764 1839 901 1908 singulari
918 1855 969 1907 pro
989 1839 1095 1893 domus.

155 1915 179 1964 7.
199 1911 272 1965 Suet.
292 1912 364 1980 Aug.
380 1915 418 1964 88
438 1911 567 1978 quotiens
586 1912 681 1963 autem
699 1925 750 1978 per
768 1912 850 1963 notas
869 1909 968 1964 scribit
986 1911 1096 1981 [nepa

81 1982 161 2052 etoel,
180 1982 198 2035 b
216 1999 267 2050 pro
287 1998 317 2050 n,
337 1999 352 2036 c
375 1999 425 2049 pro
444 1982 462 2034 b
487 1997 520 2035 ac
544 1982 676 2048 deinceps
700 1981 799 2035 eadem
821 1981 930 2035 ratione
954 1981 1097 2048 sequentis

81 2052 192 2106 litteras
210 2053 300 2122 ponit,
319 2071 369 2121 pro
388 2071 406 2105 x
421 2056 514 2107 antem
536 2051 640 2121 duplex
654 2070 678 2105 a.
707 2055 741 2120 cf.
759 2054 812 2108 Cic.
828 2053 866 2107 ad
879 2054 936 2107 Art.
953 2055 997 2118 13,
1010 2056 1056 2120 32,
1069 2057 1096 2106 2.

153 2129 178 2178 8.
198 2126 230 2178 dc
260 2126 332 2191 fuleo
360 2125 513 2179 testimonio
539 2126 617 2179 Petri
640 2126 722 2178 Dioc.
749 2125 841 2179 GGK
851 2125 902 2177 IV
916 2127 978 2190 334,
996 2127 1034 2178 26
1060 2125 1098 2178 ad

83 2197 188 2250 litterae
200 2213 219 2265 y
233 2203 285 2250 etz
304 2197 338 2262 cf.
354 2197 422 2250 Isid.
437 2213 476 2250 or.
492 2200 517 2262 1,
531 2200 556 2262 4,
572 2200 606 2250 15
626 2202 650 2250 et
668 2196 826 2250 Brombach
841 2197 857 2248 l.
872 2211 893 2249 c.
908 2213 938 2264 p.
953 2198 1018 2250 202.
1032 2199 1096 2249 281.

412 2437 454 2523 O.
487 2435 764 2523 MAECENAS

456 2595 725 2662 unsrruorun

155 2734 180 2781 1.
200 2729 260 2783 seo.
277 2745 350 2783 euos.
367 2733 442 2795 1,12
461 2728 699 2797 corruptissimam
718 2745 776 2781 rem
795 2726 927 2795 omnium,
947 2744 1019 2796 quae
1038 2746 1098 2780 um-

85 2817 170 2867 quam
190 2799 283 2853 diotae
302 2801 376 2865 sunt,
396 2815 429 2852 ex
448 2817 503 2866 qno
522 2800 648 2854 homines
667 2799 766 2852 diserti
791 2797 914 2851 insanire
937 2802 1097 2867 coeperunt,

83 2870 224 2938 putabant
242 2869 372 2924 Dorionis
392 2886 452 2923 esse
470 2871 500 2922 in
519 2869 692 2938 metaphrasi
706 2870 813 2924 dictam
826 2868 950 2936 Homeri,
970 2887 1032 2923 cum
1052 2887 1098 2923 ex-

85 2945 215 2996 caecatus
231 2940 348 3009 Cyclops
368 2958 466 2995 saxum
484 2941 514 2994 in
530 2958 606 2995 mare
625 2940 734 2995 reiecit:
756 2984 760 2994 .
782 2983 788 2994 .
808 2981 814 2994 .
835 2982 841 2994 .
860 2940 931 2995 haec
945 2958 1000 3008 quo
1014 2943 1097 2995 modo

84 3029 118 3066 ex
141 3011 279 3081 corruptis
303 3029 335 3066 eo
358 3013 535 3080 perveniant,
558 3015 592 3066 ut
614 3013 764 3082 etmagna
783 3013 925 3066 ettamen
944 3028 1013 3066 sana
1032 3013 1097 3080 sint,

84 3084 179 3137 aiebat
206 3085 353 3137 Maecenas
381 3084 457 3152 apud
482 3083 638 3153 Vergilium
665 3083 794 3153 intellegi
821 3100 909 3151 posse.
958 3083 1098 3137 tumidum
1125 3101 1138 3142 s

85 3157 127 3207 est
145 3156 192 3225 [cf.
211 3156 293 3210 Hom.
316 3154 364 3209 Od.
385 3160 411 3220 9,
425 3159 495 3220 481,Ι
520 3172 554 3209 en
577 3157 685 3209 Philon.
709 3156 900 3220 Wilamowitz,
923 3156 1037 3209 Hermes
1054 3159 1096 3208 14.

85 3230 156 3278 1879
171 3244 201 3294 p.
218 3226 282 3297 172]
303 3224 386 3293 ὄρους
405 3224 662 3293 &perincursurum
686 3225 827 3296 Vergilius
846 3226 914 3293 quid
934 3226 994 3280 ait?
1021 3227 1098 3295 rapit

84 3296 165 3366 [Aen.
182 3297 302 3368 10,128]
324 3296 412 3351 ‘haud
427 3300 537 3365 partem
551 3297 681 3366 exiguam
694 3297 819 3353 montis’.
851 3297 893 3351 ita
907 3296 1098 3367 magnitudini

85 3367 187 3433 studet,
207 3367 282 3439 <nt>
297 3385 353 3423 non
371 3367 555 3436 inprudenter
573 3369 701 3423 discedat
715 3385 732 3422 a
745 3369 809 3423 fide.
843 3371 885 3422 est
902 3368 1030 3422 inflatum
1049 3369 1099 3422 uei

84 3435 174 3565 liii
184 3438 950 3583 22122ἕὲ3211821811..ὶὲὶὲ
968 3439 1161 3550 rursu

160 3553 165 3564 .
200 3553 210 3577 7
936 3545 942 3556 ⁸
1030 3554 1033 3560 ι

76 3511 130 3634 doc
147 3582 209 3635 deri
227 3583 277 3637 sed
297 3583 396 3641 videri.
435 3588 472 3656 cf.
491 3594 554 3644 test.
568 3591 599 3644 2.
1151 3599 1153 3602 ’
