2422 3840
432 178 469 230 ill.
489 173 744 232 Terentiue.Varro
1031 177 1097 242 283

77 345 360 424 piscibushabeat,
390 345 510 405 videtur
537 349 638 404 tamen
663 364 680 403 a
703 345 836 420 piscibus
864 346 945 405 dicta
973 348 1098 421 propter

78 454 198 513 aquam,
211 434 281 493 :ubi
303 435 434 511 piscibus
458 435 524 492 vita
545 437 598 492 est.
644 435 689 493 ita
712 435 891 493 vocabulum
918 454 978 493 non
1000 439 1098 494 nans·

78 527 175 585 latum
199 523 404 597 similitudine,
434 523 486 583 sed
509 523 639 599 quadam
661 524 818 586 vicinitate
841 527 1019 599 usurpatum
1044 527 1096 582 est.
1113 542 1152 582 iss

77 613 160 691 quod
184 614 210 672 si
233 615 299 688 quis
322 612 404 671 dicat
425 613 559 671 homines
586 612 719 688 piscibus
740 612 851 671 similes
879 612 1010 671 natando
1033 613 1098 671 fieri

78 705 111 762 ct
129 702 199 761 inde
216 703 348 778 piscinae
366 719 474 760 nomen
494 718 557 760 esse
576 703 690 775 natum,
713 701 839 759 stultum
858 705 904 760 est
922 720 1098 778 repugnare,

79 809 147 850 eum
171 791 208 850 ab
231 810 264 848 re
287 794 425 849 neutrum
455 791 614 850 abhorreat
638 792 668 848 et
690 792 850 866 utrumque
873 791 977 848 lateat.
1017 791 1099 848 illud

78 883 179 939 tamon
204 879 277 938 bene
296 880 412 953 accidit,
437 879 518 954 quod
540 880 597 938 hoo
615 898 674 938 uno
699 880 832 954 exemplo
852 879 1015 938 diiudicare
1039 881 1099 937 iam

80 986 246 1046 possumus,
267 969 339 1044 quid
353 969 445 1028 distet
464 971 548 1046 origo
567 969 649 1028 verbi
667 987 743 1045 quae
762 969 798 1027 de
817 969 973 1026 vicinitate
992 968 1098 1044 arripi-
1114 986 1153 1027 ruo

79 1062 133 1119 tur
156 1056 193 1116 ab
217 1076 352 1133 eaquae
376 1057 411 1114 de
435 1057 633 1116 similitudine
662 1058 788 1116 ducitur.
834 1057 903 1116 hinc
927 1058 1009 1115 facta
1032 1077 1099 1132 pro·

80 1147 193 1225 gressio
213 1165 306 1222 usque
326 1147 365 1204 ad
383 1149 574 1205 contrarium.
610 1165 681 1205 nam
699 1147 784 1205 lucus
804 1165 838 1204 eo
858 1147 955 1205 dictus
974 1150 1101 1223 putatur

79 1235 161 1312 quod
184 1238 307 1293 minime
325 1236 434 1309 luceat,
458 1239 488 1293 et
511 1236 622 1294 bellum
642 1235 723 1310 quod
745 1254 794 1295 res
812 1235 892 1294 bella
914 1255 974 1295 non
998 1237 1046 1309 sit,
1070 1239 1101 1294 et

79 1324 209 1384 foederis
232 1344 340 1383 nornen
364 1324 443 1400 quod
466 1343 513 1383 res
535 1325 624 1383 foeda
646 1344 706 1384 non
730 1325 784 1398 sit3
813 1325 892 1400 quod
916 1325 942 1384 ai
966 1343 984 1382 a
1007 1324 1101 1383 foedi·

79 1414 147 1472 tate·
167 1413 249 1490 porci
274 1413 387 1472 dietum
410 1416 463 1488 est,
487 1417 600 1472 utnon
623 1413 699 1471 nulli
718 1415 832 1486 volunt,
855 1413 934 1473 redit
957 1413 1041 1491 origo
1061 1413 1100 1472 ad
1114 1432 1153 1472 ivs

80 1502 166 1570 illam
193 1502 393 1576 vicinitatem,
426 1521 495 1561 oum
522 1502 554 1559 id
581 1502 661 1577 quod
687 1501 722 1560 fit
750 1503 787 1560 ab
816 1519 850 1561 eo
877 1516 931 1578 per
958 1504 1038 1578 quod
1065 1501 1101 1560 fit

81 1591 263 1650 nominatur.
309 1610 380 1649 nam
403 1591 463 1649 ista
487 1591 607 1650 omniuo
622 1591 774 1650 ¹vicinitas
802 1591 864 1651 late
887 1594 972 1667 patet
995 1595 1024 1650 et
1046 1609 1101 1666 per

80 1681 192 1739 multas
216 1684 317 1755 partes
341 1683 473 1754 secatur,
498 1684 551 1738 aut
573 1698 627 1755 per
646 1679 846 1754 efficientiam,
868 1684 903 1739 ut
926 1681 982 1740 hoo
1000 1681 1101 1755 ipsum

80 1769 259 1831 afoeditate
278 1769 361 1845 porci
380 1789 433 1845 per
452 1787 541 1844 quem
559 1769 663 1828 foedus
682 1769 821 1842 efficitur,
840 1773 894 1828 aut
914 1789 968 1845 per
986 1769 1100 1843 effecta,

79 1862 116 1916 ut
138 1861 245 1934 puteus
269 1858 350 1934 quod
374 1859 436 1918 eius
461 1859 596 1916 effectum
625 1857 741 1934 potatio
765 1861 810 1916 est
833 1858 965 1917 creditur
992 1858 1101 1932 dictus,
1115 1876 1155 1918 rao

80 1951 134 2008 aut
156 1965 210 2023 per
232 1947 264 2005 id
287 1966 347 2022 quo
371 1947 549 2021 continetur,
577 1949 613 2005 ut
635 1947 738 2005 urbem
762 1947 799 2005 ab
823 1946 892 2005 orbe
916 1947 1100 2023 appellatam

80 2038 195 2110 volunt,
226 2037 305 2112 quod
333 2037 490 2112 auspicato
519 2037 584 2094 loco
612 2038 714 2094 aratro
742 2036 924 2094 circumduci
947 2037 1033 2111 solet,
1058 2067 1099 2076 -—
1144 2045 1146 2047 ’

81 2127 135 2184 a'nt
162 2146 215 2201 per
243 2125 274 2183 id
302 2125 381 2200 quod
409 2125 554 2200 continet,
585 2128 621 2183 ut
648 2125 673 2183 si
701 2125 768 2200 quis
806 2125 947 2183 horreum
983 2127 1101 2184 mutata

80 2214 185 2274 littera
218 2214 347 2273 affirmet
380 2214 416 2272 ab
448 2214 559 2273 hordeo
584 2214 790 2295 nominatum,
818 2245 860 2255 -
894 2214 942 2272 vel
969 2232 987 2271 a
1014 2216 1117 2289 parte·

80 2307 188 2377 totum,
212 2306 247 2362 ut
269 2303 418 2362 mucronis
442 2293 672 2378 nominandae
695 2321 812 2362 summa
833 2321 904 2378 pars
927 2302 1022 2380 gladii
1046 2304 1100 2377 est,
1114 2321 1154 2362 iso

80 2392 216 2470 gladium
234 2411 383 2466 vocamus,
402 2393 449 2450 vel
469 2412 487 2451 a
505 2395 570 2452 toto
589 2410 658 2468 pars
677 2396 713 2450 ut
732 2392 858 2467 capillus
882 2391 968 2466 quasi
992 2391 1100 2467 capitis

80 2479 170 2556 pilus.
191 2513 233 2521 —
252 2481 484 2539 innumerabilia
502 2485 573 2538 sunt
592 2481 691 2554 verba,
714 2500 840 2556 quorum
864 2480 956 2557 origo,
980 2479 1016 2537 de
1041 2498 1101 2555 qua

80 2569 160 2629 ratio
179 2570 263 2628 reddi
286 2570 389 2645 possit,
413 2573 466 2628 aut
489 2573 622 2642 nonest,
644 2572 680 2627 ut
702 2589 756 2646 ego
776 2569 914 2643 arbitror,
938 2571 993 2627 aut
1015 2570 1100 2641 latet,

80 2662 118 2740 ut
140 2658 234 2718 Stoici
262 2659 454 2717 contendunt.
478 2690 521 2698 —
545 2658 612 2716 vide
636 2661 737 2716 tamen
764 2658 924 2734 paululum
952 2658 1099 2732 quomodo

81 2747 231 2829 perveniri
260 2750 370 2822 putant
393 2748 431 2805 ad
454 2748 508 2805 illa
536 2747 694 2806 verborum
723 2746 872 2805 cunabula
899 2746 949 2805 vel
975 2737 1100 2821 stirpem
1116 2766 1154 2805 rao

79 2834 183 2912 potius
207 2840 297 2912 atque
321 2836 394 2896 adeo
419 2840 592 2912 sementum,
618 2837 698 2894 ultra
722 2836 801 2910 quod
826 2834 932 2912 quaeri
955 2833 1101 2912 originem

82 2930 200 3001 vetant,
231 2945 285 2985 nec
308 2926 334 2984 si
358 2926 519 3001 quisquam
545 2924 619 2983 velit
641 2927 741 3000 potest
769 2925 931 2999 quicquam
958 2923 1099 2983 invenire.

82 3033 169 3073 nemo
193 3016 299 3073 abnuit
322 3014 468 3090 syllabas,
498 3014 529 3071 in
554 3013 670 3088 quibus
685 3013 831 3071 u‘littera
858 3014 957 3071 locum
985 3012 1101 3071 obtinet

82 3104 285 3177 consonantis,
316 3106 350 3161 ut
378 3107 448 3161 sunt
474 3103 507 3160 in
533 3102 580 3160 his
603 3101 702 3160 verbis
729 3103 858 3177 primae:
888 3103 972 3161 vafer
999 3101 1100 3159 velum

81 3189 186 3264 viuum
216 3193 311 3251 vomis
342 3194 462 3264 vulnus,
493 3210 626 3250 crassum
653 3194 684 3249 et
711 3191 798 3266 quasi
827 3191 964 3250 validum
993 3209 1097 3249 sonum
1115 3209 1153 3249 ies

81 3281 177 3340 odere.
223 3281 302 3357 quod
332 3282 480 3358 approbat
510 3280 601 3338 etiam
628 3279 773 3355 loquendi
805 3280 999 3353 consuetudo,
1033 3298 1101 3337 cum

82 3370 118 3428 de
142 3370 319 3445 quibusdam
347 3371 444 3429 verbis
468 3388 517 3428 eas
542 3368 744 3453 subtrahimus
772 3386 809 3427 ne
837 3371 961 3428 onerant
988 3387 1103 3426 aurem.

82 3475 153 3541 uam
176 3458 253 3518 unde
277 3463 330 3532 est,
355 3450 434 3539 quod
458 3458 566 3518 amasti
590 3452 895 3519 dicimus'libontiua
917 3475 1019 3531 uuam
1037 3460 1125 3508 ama-

78 3548 151 3621 visti
167 3551 199 3604 et
212 3549 294 3605 nosti
312 3541 402 3623 quam
422 3550 546 3628 novisti,
565 3555 601 3626 ,et
620 3547 714 3633 abiit,
732 3565 802 3626 nou
819 3546 939 3618 abivit,
957 3536 993 3599 ab
1005 3536 1158 3594 'unam
