2422 3840
149 212 214 278 306
299 211 506 267 Grammaticae
525 211 628 267 aetatis
646 210 837 266 varronianae
856 209 1015 279 fragmenta

147 391 279 442 cumque:
299 391 347 428 em.
372 374 442 429 Weti
534 378 584 428 128
604 374 633 427 et
650 389 667 428 o
684 375 717 426 ut
735 372 762 427 L
780 388 830 426 oce.
853 370 875 424 0
964 370 1167 424 13031111ὺί1-

147 447 253 501 tionem
276 446 348 500 Weiz

561 562 628 619 aaa
652 552 746 639 [coe]

215 667 310 726 tibia
345 665 505 743 Phrygia
542 666 669 725 dextra
705 684 811 754 unum
846 667 1007 724 foramen
1043 665 1166 738 habet,

147 758 301 815 sinistra
324 756 405 832 duc,
432 775 581 832 quorum
603 776 710 814 unum
734 759 875 814 acutum
899 773 1021 813 sonum
1043 753 1167 828 habet,

148 847 303 905 alterum
327 864 478 922 gravem.

219 944 292 999 Sese.
312 945 381 998 Aea.
397 948 423 1010 9,
439 947 492 998 615
509 944 598 997 tibiae
618 946 667 997 aut
686 942 822 998 Serranae
841 941 981 1007 dicuntur,
1004 957 1076 1010 quae
1101 943 1168 994 sunt

148 1031 230 1084 pares
250 1017 279 1068 et
298 1013 430 1083 aequales
449 1014 555 1069 habent
574 1031 714 1082 cavernas,
734 1017 783 1067 aut
801 1013 950 1083 Phrygiae,
974 1029 1047 1082 quae
1067 1013 1095 1067 et
1113 1012 1167 1064 im-

147 1103 229 1157 pares
247 1088 312 1140 suut
326 1088 355 1140 et
369 1086 534 1154 inaequales
547 1086 653 1141 habent
669 1102 808 1140 cavernas.
825 1117 856 1125 —
872 1088 905 1138 ut
918 1085 991 1139 enim
1007 1085 1049 1138 ait
1063 1084 1166 1137 Varro:

147 1173 204 1213 tibia
218 1190 245 1198 -
258 1183 355 1222 gravam.
384 1158 419 1224 el.
438 1159 474 1225 fr.
489 1162 532 1212 44.

220 1283 315 1349 Rufio.
333 1300 363 1352 p.
385 1286 448 1349 573,
466 1287 503 1337 23
535 1281 706 1350 scripserunt
734 1314 767 1322 —
795 1281 884 1335 latine
912 1281 947 1335 de
976 1280 1098 1333 numeris
1128 1278 1167 1347 hi,

148 1353 244 1408 Cicero
262 1353 424 1409 Victorinus
443 1353 580 1407 Eusebius
599 1353 784 1408 Terentianus
802 1353 889 1407 Varro

148 1478 197 1531 DE
216 1477 381 1532 NUMERIS

560 1626 654 1690 *284
679 1623 750 1708 [64]

216 1736 376 1811 rhythmus
392 1739 438 1795 est
455 1735 564 1811 pedum
577 1739 804 1812 temporumque
818 1738 957 1794 iunctura
970 1735 1057 1794 velox
1071 1735 1168 1795 divisa

148 1826 180 1883 in
212 1827 292 1883 arsin
322 1827 352 1883 et
384 1825 495 1900 thesin,
531 1827 579 1884 vel
612 1829 729 1900 tempus
758 1845 816 1901 quo
849 1825 981 1900 syllabas
1014 1828 1167 1900 metimur3

149 1915 242 1973 latine
265 1933 406 1973 numerus
429 1914 546 1973 dicitur.

225 2015 300 2067 Mar.
325 2013 392 2066 Vict.
408 2031 438 2081 p.
453 2018 497 2080 41,
511 2017 549 2068 25
575 2012 701 2082 rhythmi
725 2045 759 2053 —
783 2013 861 2083 origo
890 2011 925 2066 de
953 2012 1009 2066 arsi
1037 2014 1065 2065 et
1092 2011 1168 2066 thesi

150 2100 266 2138 manare
294 2084 456 2138 dinoscitur.
503 2102 568 2138 nam
595 2100 713 2148 rhythmus
730 2117 757 2124 -
776 2099 862 2139 dcitur.
896 2086 988 2139 Diem,
1009 2102 1037 2152 p.
1053 2087 1117 2150 473,
1130 2089 1167 2138 21

149 2156 297 2225 rhythmus
316 2157 358 2208 est
377 2155 481 2223 pedum
499 2158 713 2224 temporumque
732 2156 862 2210 iunctura
881 2171 943 2209 cum
967 2155 1083 2210 levitate
1107 2155 1168 2208 siue

149 2228 242 2281 modo,
279 2227 312 2292 cf.
333 2227 450 2296 Aapuat
470 2228 503 2282 dc
520 2245 589 2281 mas.
605 2232 710 2294 3,1,2.
737 2228 769 2281 de
787 2228 845 2282 ord.
860 2231 887 2294 2,
902 2232 945 2293 14,
960 2231 1003 2280 40.
1039 2227 1107 2280 Ise'd.
1127 2244 1166 2281 or.

151 2304 176 2365 1,
191 2304 304 2424 6369,1}5
333 2298 426 2368 Qaiot.
447 2303 473 2365 9,
496 2303 522 2366 4,
547 2303 591 2352 55.
640 2299 761 2354 Varroni
785 2301 884 2354 trctari
916 2299 1072 2353 Wilmoaos
1099 2299 1167 2352 ibid.

147 2387 175 2438 p·
229 2413 234 2424 Ι
307 2411 312 2422 ¹
555 2394 556 2398 ,

221 2482 237 2528 2
257 2475 313 2529 arsi
332 2477 361 2529 et
378 2475 452 2529 thesi

564 2626 657 2685 *285
697 2627 739 2685 65

217 2736 345 2791 metrum
364 2737 409 2792 est
427 2734 603 2808 compositio
622 2620 731 2809 pedlrm
739 2620 784 2792 lad
802 2735 914 2792 certum
932 2733 1022 2790 finem
1040 2733 1169 2791 deducta

151 2854 194 2862 -
218 2822 265 2880 vel
287 2822 445 2896 rhythmus
468 2823 564 2882 modis
584 2822 694 2882 finitus.

224 2922 299 2975 Mar.
326 2923 392 2975 Vici.
416 2939 446 2990 p.
472 2926 547 2987 50,4
580 2938 675 2975 metrum
697 2940 730 2976 est
752 2953 779 2961 -
802 2935 898 2974 deducta
930 2936 978 2973 seu
1012 2919 1168 2973 dictionum

152 2991 296 3060 quantitas
324 2994 352 3045 et
380 2992 503 3060 qualitas
530 2992 650 3061 pedibus
678 2992 830 3046 terminata
855 3006 1035 3046 νει-1111111.
1074 2993 1166 3045 Diem.

146 3067 287 3132 114742
305 3067 426 3116 metrum
444 3065 487 3117 est
505 3063 609 3132 pedum
628 3063 758 3118 iunctura
780 3080 894 3116 numero
917 3062 1055 3130 modoque
1079 3063 1167 3116 finite.

151 3133 196 3187 vel
214 3134 262 3200 sic,
281 3136 402 3188 metrum
421 3137 464 3190 est
482 3133 638 3204 conpositio
657 3135 762 3205 pedum
780 3134 878 3189 ordine
897 3136 1003 3188 statuto
1019 3133 1167 3187 decurrens

151 3204 264 3258 modum
297 3205 445 3275 positionis
478 3206 701 3274 sublationisque
730 3222 902 3260 conservans.
949 3207 984 3272 cf.
1012 3207 1060 3258 At.
1089 3205 1166 3258 Fert.

149 3294 176 3345 p.
191 3281 257 3344 282,
271 3281 297 3330 8.
331 3278 399 3332 Isid.
419 3293 457 3330 or.
474 3283 499 3343 1,
515 3282 559 3343 39,
576 3284 599 3331 1.
615 3281 640 3331 5.
679 3280 777 3333 Victor.
797 3296 827 3347 p.
846 3281 911 3343 206,
931 3281 948 3331 3
972 3277 1089 3344 (Audax
1111 3293 1166 3330 cxc.

147 3365 177 3417 p.
193 3352 255 3414 331,
270 3350 323 3417 14).
362 3349 483 3403 Varroni
500 3350 653 3404 vindicavit
670 3350 826 3403 Wilmoans
842 3366 870 3416 p.
887 3352 930 3402 65.

578 3501 644 3560 286
684 3502 725 3558 66

194 3605 332 3666 alienum
353 3609 468 3686 pedem
492 3612 596 3671 metra
619 3494 685 3670 niel
704 3494 1177 3683 demittitquedemittitque
