2422 3840
446 156 475 209 C.
494 157 580 210 lulius
600 156 728 225 Hyginus
1031 157 1096 220 535

509 318 668 403 †1⁷[⁶l

148 433 300 507 regionem
319 431 417 504 istam,
440 450 515 505 quae
534 449 612 489 nunc
630 433 755 490 vocatur
772 431 872 504 Italia,
895 449 987 510 regno
1005 431 1096 490 lanus

82 520 223 595 optinuit,
247 521 308 594 qui,
331 523 367 578 ut
389 519 527 598 Hyginus
550 519 746 578 Protarchum
769 520 956 578 Trallianum
980 523 1096 579 secutus

81 609 183 683 tradit,
208 628 274 667 cum
294 607 414 668 (lamese
438 628 531 684 aeque
550 609 691 685 indigena
714 612 824 667 terram
847 610 924 667 hanc
942 611 986 666 ita
1004 609 1096 684 parti·

82 701 182 772 cipata
205 698 341 772 potentia
363 698 565 774 possidebant,
592 701 627 755 ut
649 700 732 776 regio
758 697 925 773 Camasene,
954 697 1097 773 oppidum

81 787 249 846 Ianiculum
284 788 474 846 vocitaretur.
530 790 598 861 post
631 787 668 845 ad
700 787 806 844 Ianum
840 788 936 845 solum
973 806 1095 865 regnum
1125 806 1137 846 a

80 876 234 934 redactum
253 879 306 950 est,
329 878 380 952 qui
400 876 530 934 ereditur
553 876 701 953 geminam
724 876 831 935 faciem
852 877 1039 953 praetulisse,
1062 878 1098 934 ut

82 984 158 1040 quae
187 968 255 1023 ante
285 984 419 1040 quaeque
443 968 511 1040 post
538 968 656 1040 tergum
683 967 781 1024 essent
807 967 986 1039 intueretur,
1018 965 1098 1040 quod

82 1055 185 1129 procul
205 1055 294 1112 dubio
310 1055 348 1112 ad
365 1054 557 1129 prudentiam
575 1054 654 1130 regis
670 1054 892 1129 sollertiamque
910 1054 1095 1113 referendum

82 1146 135 1218 est,
165 1146 217 1218 qui
240 1147 270 1200 et
296 1143 459 1217 praeterita
486 1147 585 1202 nosset
614 1145 643 1200 et
670 1144 772 1201 futura
800 1143 989 1218 prospiceret,
1021 1145 1099 1201 sicut

82 1233 249 1290 Antevorta
287 1236 317 1290 et
353 1232 527 1306 Postuerta,
570 1232 737 1290 divinitatis
774 1233 887 1291 scilicet
925 1233 1098 1307 aptissimae
1113 1253 1139 1292 ιο

83 1323 215 1393 comites,
244 1321 323 1395 apud
346 1320 495 1379 Romanos
524 1322 671 1379 coluntur.
718 1322 765 1378 hic
788 1323 882 1399 igitur
904 1321 1004 1395 Ianus,
1031 1340 1099 1379 cum

84 1410 246 1467 Saturnum
275 1408 367 1467 classe
395 1413 568 1485 pervectum
598 1412 759 1485 excepisset
786 1411 917 1486 hospitio
946 1412 976 1468 et
1003 1410 1098 1468 abeo

83 1499 205 1556 edoctus
235 1499 375 1573 peritiam
398 1501 475 1557 ruris
498 1499 594 1557 ferum
616 1499 703 1557 illum
726 1505 756 1558 et
779 1500 882 1558 rudem
907 1503 975 1557 ante
998 1500 1098 1576 fruges

84 1588 218 1663 cognitas
243 1589 355 1645 victum
378 1590 408 1644 in
433 1587 539 1646 melius
561 1588 733 1664 redegisset,
759 1591 843 1664 regni
866 1608 933 1645 eum
956 1589 1098 1647 societate

83 1677 258 1733 muneravit.
310 1695 377 1734 oum
405 1677 517 1751 primus
548 1696 665 1752 quoque
695 1696 763 1735 aera
791 1679 937 1754 signaret,
968 1678 1099 1736 servavit
1114 1695 1138 1736 15

85 1768 115 1823 et
134 1766 165 1821 in
184 1764 239 1823 hoc
255 1763 376 1823 Saturni
395 1765 601 1838 reverentiam,
623 1769 659 1823 ut
677 1766 818 1840 quoniam
836 1766 887 1824 ille
906 1767 976 1824 navi
999 1767 1100 1824 fuerat

85 1854 238 1927 advectuS,
271 1874 305 1912 ex
335 1873 395 1912 una
425 1853 544 1929 quidem
573 1857 658 1930 pa1te
689 1854 735 1912 sui
765 1857 872 1930 capitis
906 1855 1032 1931 effigies,
1064 1874 1100 1913 ex

86 1944 181 2001 altera
204 1962 273 2001 vero
297 1945 381 2001 navis
406 1945 627 2018 exprimeretur,
651 1963 709 2018 quo
730 1943 853 2001 Saturni
875 1946 1049 2002 memoriam
1067 1945 1099 2001 in

84 2036 218 2106 posteros
247 2036 435 2108 propagaret.
460 2065 501 2071 —
531 2050 597 2089 cum
624 2032 703 2090 inter
729 2033 803 2090 haec
830 2032 928 2090 subito
953 2032 1099 2091 Saturnus

84 2141 143 2179 non
158 2121 380 2196 comparuisset,
395 2121 575 2198 excogitavit
587 2121 678 2179 Ianus
693 2122 837 2178 honorum
852 2122 914 2179 eius
930 2123 1099 2198 augmenta.
1114 2141 1142 2181 ao

84 2229 118 2267 ac
133 2212 263 2284 primurn
282 2214 392 2269 terram
407 2229 523 2268 omnem
543 2210 653 2268 dicioni
672 2228 742 2268 suae
757 2212 910 2286 parentem
925 2209 1098 2269 Saturniam

84 2300 260 2371 nominavit,
284 2317 366 2356 aram
386 2299 490 2357 deinde
509 2318 576 2358 cum
596 2300 686 2356 sacris
706 2302 859 2373 tamquam
879 2299 933 2357 deo
957 2298 1098 2373 condidit,

84 2406 160 2461 quae
185 2386 357 2446 Saturnalia
380 2387 554 2446 nominavit.

157 2479 279 2532 Macrob.
296 2482 322 2544 1,
336 2482 362 2544 7,
377 2482 412 2531 19
426 2492 539 2540 regionem
553 2510 580 2517 -
593 2495 730 2541 propageret.
747 2509 773 2516 -
789 2503 840 2531 cum
858 2492 916 2532 inter
929 2509 955 2517 -
968 2491 1100 2532 nominavit.

556 2614 597 2671 18
637 2617 657 2671 7

151 2717 183 2774 hi
216 2710 359 2796 [Pelasgi]
392 2719 483 2794 primi
512 2606 635 2777 ltaliad
658 2606 794 2778 tenuisse
826 2720 1027 2795 perhibentur.
1057 2752 1098 2761 -

85 2806 223 2882 Hyginus
247 2806 320 2865 dicit
338 2806 478 2885 Pelasgos
502 2826 565 2866 esse
584 2809 636 2883 qui
655 2809 800 2883 Tyrrheni
824 2813 900 2867 sunt.
929 2811 985 2867 hoc
1008 2808 1099 2868 etiarn

84 2894 180 2953 Varro
205 2889 256 2973 [fr.
277 2889 355 2974 400]
380 2901 597 2956 commemorat.

156 2986 227 3040 Serv.
243 2986 341 3054 (Dan.)
356 2986 424 3039 Aen.
441 2990 468 3052 8,
482 2990 536 3039 600
558 3001 582 3040 hi
597 3019 623 3026 -
636 3002 722 3049 perhib.
736 3019 763 3026 -
777 3001 882 3052 Hyginus
895 3020 922 3026 —
935 3005 1099 3042 commemorat.

81 3058 117 3122 cf.
138 3058 256 3125 Dionys.
271 3059 309 3111 Η.
330 3061 355 3123 1,
368 3061 414 3111 25.

534 3175 575 3231 19
615 3175 634 3230 9

152 3276 255 3335 Sabini
279 3299 296 3335 a
320 3277 559 3337 Lacedaemoniis
588 3167 732 3356 uliginem
756 3280 876 3352 ducunt,
903 3282 938 3337 ut
960 3278 1098 3356 Hyginus

83 3367 128 3423 ait
151 3365 186 3423 de
211 3368 325 3444 origine
348 3367 467 3425 urbium
489 3368 667 3442 italicarum,
692 3388 709 3426 a
733 3367 820 3442 Sabo,
844 3369 896 3443 qui
919 3369 954 3426 de
977 3368 1104 3424 Perside

83 3455 332 3514 Lacedaemonios
351 3459 499 3516 transiens
514 3457 553 3516 ad
566 3457 693 3517 Italiam
707 3458 800 3517 uenit
812 3459 847 3515 et
859 3456 1002 3528 sapidius
1007 3448 1135 3502 quux'xs

79 3546 177 3600 tenuit
197 3545 263 3602 loca
283 3565 359 3620 quae
379 3546 488 3608 Sabini
511 3549 641 3610 habeut.
679 3569 759 3610 narn
778 3549 815 3606 et
831 3536 1168 3621 partemYersarm
