2422 3840
439 205 466 259 C.
486 205 600 258 Asinius
619 204 708 258 Pollio
1012 204 1077 269 499

60 365 207 419 Prisciaua
232 365 404 434 significatus
427 368 464 419 sit
486 367 566 418 uuila
591 368 649 418 iam
672 365 809 419 dubitatio
832 368 893 433 est),
920 367 1076 435 ambigitur.

59 437 114 490 ista
137 443 227 490 tamea
250 437 317 489 adea
340 439 494 491 reconditae
517 438 707 504 interiorisque
732 443 853 490 araturae
877 444 956 502 suut,
981 444 1013 490 ut
1040 438 1078 491 ud

61 509 206 572 oratieues,
229 524 298 574 ques
320 509 411 578 Bergk
433 509 562 578 cogitauit
584 509 636 575 (ap.
656 511 683 573 2,
699 511 758 560 751.
804 509 838 573 ef.
863 508 1079 563 D’Heudeeourt

62 581 79 632 t.
99 595 120 631 e.
135 597 165 646 p.
186 583 220 631 61
244 585 269 632 et
286 580 367 645 Beck,
386 581 461 634 Ptiu.
485 580 548 632 dub.
572 595 648 633 serra.
671 579 728 632 rell.
748 597 778 648 p.
794 582 828 632 31
849 580 933 648 ada),
959 581 1007 633 uia
1032 596 1076 634 ae-

61 651 232 704 eorumedata
249 652 305 704 siut
322 652 486 718 faciliusque
500 653 531 704 ia
546 651 614 705 libro
629 650 747 718 quedam
760 653 948 718 grammatico,
961 652 1078 716 fartaese

61 724 94 775 iu
121 723 256 789 epistulis,
284 722 371 775 laeum
398 740 479 776 suum
506 723 651 775 iuueuiaut
678 723 723 789 (ef.
749 722 851 788 Haupt
877 739 919 790 ep.
945 726 973 788 2,
993 727 1029 775 67
1038 739 1076 790 eq.

61 793 183 858 Harder,
198 793 289 846 ruere.
303 795 416 847 Jabrbb.
427 797 489 848 137.
505 797 581 846 1888
591 811 621 861 p.
632 794 706 861 369).
726 792 758 846 de
772 793 828 846 laea
845 793 937 847 eeK
948 794 975 848 V
986 797 1078 859 5746

62 862 200 932 (caminus
214 863 324 929 generis
338 864 495 929 masculini,
511 863 584 917 sieut
598 862 689 916 Pollio
701 863 826 932 Asinius)
840 865 875 930 ef.
886 865 1000 919 Harder
1010 865 1076 918 ibid.

57 952 88 1003 p.
104 939 165 989 371.
194 936 232 989 ad
244 936 327 989 buius
340 938 415 989 medi
433 937 534 990 libellos
548 938 630 989 etiam
646 936 682 1002 fr.
697 939 723 988 8.
743 940 779 988 10
793 936 930 1003 pertinere
938 943 1076 1003 poteraut,

62 1023 145 1073 aeque
159 1013 239 1074 atque
253 1009 417 1061 eaistimatio
433 1007 608 1062 Oieereuiaui
620 1008 752 1060 eeruwuis
771 1007 823 1074 (ud.
840 1007 877 1060 ad
894 1008 930 1072 fr.
946 1009 990 1074 4);
1007 1008 1043 1072 fr.
1059 1011 1077 1060 9

62 1084 157 1132 neutra
180 1095 213 1131 ea
236 1081 358 1132 oratioue
371 1096 425 1146 pro
455 1079 585 1133 Urbiniae
602 1078 744 1131 haedibus
766 1078 879 1144 fluxuse
901 1079 1077 1132 uerisimilius

60 1155 140 1217 puta,
164 1166 224 1202 eura
247 1165 276 1202 eo
300 1156 414 1217 tempere
433 1152 550 1204 Astatiae
574 1150 727 1204 aduersarii
745 1156 898 1217 patronum
921 1148 1078 1204 Labienum

61 1221 198 1286 babuerit,
221 1222 366 1286 bauriuem,
395 1227 426 1274 ut
449 1224 490 1275 ait
508 1221 608 1274 Seueeu
633 1222 760 1289 (coatrae.
776 1225 793 1273 4
807 1222 899 1289 praes.
913 1223 941 1288 2)
969 1220 1077 1276 ‘ruatis

61 1309 145 1359 quam
164 1294 275 1360 liuguae
294 1293 460 1346 amarioris’.
492 1294 528 1358 fr.
544 1297 577 1344 11
596 1293 719 1346 historiis
737 1293 817 1361 uulgo
836 1292 1010 1346 adserebitur.

566 1443 584 1499 5

130 1548 183 1606 hos
210 1548 373 1624 pugillares
398 1550 428 1606 et
454 1550 618 1607 masculino
647 1567 753 1625 genere
777 1551 808 1607 et
834 1566 948 1622 semper
975 1549 1075 1622 plura·

61 1638 130 1694 liter
153 1637 243 1708 dieas,
266 1639 343 1695 sicut
361 1636 483 1695 Asinius
507 1637 538 1693 in
556 1632 762 1714 Valer<ium>‚
786 1640 857 1712 quia
879 1637 1011 1714 pugillus
1031 1640 1076 1696 est

62 1726 113 1800 qui
145 1726 245 1800 plures
276 1725 403 1783 tabellas
436 1727 568 1784 continet
599 1727 631 1782 in
663 1726 767 1784 seriem
800 1728 890 1784 sutas.
941 1729 1075 1784 attamen

62 1815 135 1870 haee
166 1814 328 1889 pugillaria
365 1816 483 1889 saepius
514 1815 692 1872 neutraliter
724 1814 797 1873 dicit
828 1815 907 1873 idem
940 1814 1075 1874 Catullus

61 1903 93 1958 in
116 1901 371 1977 hendecasyllabis
396 1896 462 1981 [42,
480 1897 522 1982 5].
559 1904 632 1972 item
655 1898 824 1981 Laber<ius
847 1905 880 1962 in
902 1900 1102 1983 Piscatore>⁵

64 1983 310 2070 [e.711Rtbt.³]
336 1993 529 2069 singulariter
551 1992 607 2051 hoe
629 1993 762 2069 pugillar
784 1993 866 2052 dicit.

136 2090 216 2144 Obar.
237 2094 388 2158 p.97,10
413 2093 457 2159 (=
472 2092 547 2144 Pau
572 2091 635 2144 dub.
659 2107 737 2145 serm.
759 2109 789 2159 p.
811 2094 855 2157 75,
875 2091 953 2160 7Β.)
980 2105 1022 2145 nos
1037 2116 1078 2153 pu-

61 2174 151 2224 gillares
165 2193 192 2199 -
206 2175 266 2215 dicit.
303 2164 337 2228 cf.
357 2163 437 2216 Beda
455 2163 521 2216 (trib.
537 2179 567 2230 p.
587 2165 651 2228 285,
668 2167 711 2215 16.

134 2273 149 2320 2
173 2266 203 2319 in
222 2266 314 2321 Valet.
333 2270 402 2336 eapl.
423 2269 489 2321 Keil
512 2270 556 2336 (es.
576 2269 676 2336 Haupt
696 2270 711 2321 l.
727 2285 748 2322 e.
764 2286 794 2336 p.
811 2269 857 2337 68)
883 2267 914 2321 in
931 2266 1076 2322 Valerium

62 2338 110 2392 lib.
130 2338 150 2390 Ι.
171 2339 273 2393 Putseb
290 2338 320 2391 in
338 2339 491 2392 Labienum
509 2341 553 2393 uir
571 2340 684 2406 quidam
702 2358 746 2408 ap.
767 2339 899 2394 Boudam
970 2344 986 2392 5
1007 2339 1075 2392 Lab.

61 2409 92 2462 in
110 2410 140 2463 P.
160 2411 262 2464 Puteeb
280 2427 313 2464 ea
331 2411 411 2465 Beda

564 2545 583 2600 6

128 2650 160 2706 in
187 2649 273 2708 Nelei
303 2651 432 2708 carmine
467 2643 504 2728 [I
517 2668 549 2722 p.
568 2651 638 2708 271
659 2649 688 2708 V
701 2641 815 2727 Ribb.³]
853 2668 947 2724 aeque
976 2651 1075 2725 priseo

64 2733 176 2796 ‘saucia
207 2758 282 2813 puer
310 2738 374 2797 filia
405 2732 546 2811 sumam’,
578 2738 630 2795 ubi
662 2741 762 2796 tamen
792 2739 888 2798 Varro
921 2732 973 2818 [fr.
993 2732 1072 2816 250]

62 2845 129 2884 eum
153 2821 203 2884 ‘a’
227 2846 319 2901 puera
347 2829 436 2903 putat
464 2827 589 2900 dictum,
620 2826 671 2884 sed
698 2827 802 2886 Aelius
827 2827 902 2886 Stilo
929 2829 1075 2904 magister

63 2915 125 2973 eius
150 2910 201 2994 [fr.
223 2910 278 2994 47]
303 2919 332 2974 et
355 2917 477 2975 Asinius
500 2918 611 2975 eontra.

135 3014 216 3068 Char.
235 3033 265 3082 p.
290 3019 334 3081 84,
354 3018 372 3067 8
401 3018 445 3083 (=
465 3015 541 3067 Pliu.
562 3014 627 3071 dub.
644 3030 722 3068 serm.
740 3032 772 3083 p.
791 3019 834 3082 49,
853 3018 890 3070 24
899 3014 946 3084 Β.)
968 3029 994 3068 in
1011 3027 1076 3068 uersi

62 3117 89 3123 -
107 3104 190 3139 eontra.

344 3221 364 3274 7
390 3208 650 3295 [p.5010RF²
673 3212 789 3296 Meyer]

128 3343 283 3399 nanciscor
310 3343 401 3399 etiam
431 3345 551 3399 nactum
574 3343 648 3401 faait
671 3342 782 3417 absque
805 3362 838 3419 n,
868 3346 902 3400 ut
923 3341 1020 3400 Probo
1044 3344 1076 3398 et

63 3429 160 3506 Capru
184 3434 214 3488 et
236 3430 364 3488 Pollioni
388 3433 418 3488 et
440 3430 537 3490 Plinio
560 3433 669 3507 placet.

133 3529 218 3582 Prise.
231 3547 263 3596 p.
279 3532 339 3595 513,
357 3533 375 3582 7
391 3531 437 3599 (=
451 3532 530 3587 Pliu.
550 3531 617 3587 dub.
637 3549 722 3588 serm.
742 3548 773 3598 p.
788 3531 841 3592 39,
853 3525 937 3588 435
954 3528 1090 3570 ”mm
1102 3530 1133 3540 ⁷

49 3614 128 3659 prater.
166 3600 200 3651 de
216 3601 343 3655 Pellibus
362 3604 395 3670 ef.
417 3605 538 3663 Harder
558 3608 579 3662 1.
597 3624 620 3663 e.
637 3624 672 3677 p.
689 3607 762 3660 369.
909 3679 927 3706 ,ι

865 3687 909 3734 ‘b‘b
