2422 3840
435 177 472 233 M.
492 177 639 235 Terentius
658 176 746 231 Varro
1033 176 1098 241 293

82 340 151 424 est],
170 350 213 420 ut,
232 364 297 404 cum
316 346 407 404 verba
428 365 545 421 quoque
564 366 598 404 ex
618 346 741 420 syllabis
761 348 906 419 constent,
929 365 964 404 ex
982 346 1100 405 diversa

81 434 185 513 regula
209 434 404 512 corrigantur.
1041 447 1043 450 ’
1115 450 1140 491 rs

158 533 488 601 restaurarem
509 530 631 602 primum
656 532 744 602 igitur
766 549 817 602 per
839 531 1026 586 adiectionem
1049 531 1100 585 illa

82 605 216 658 videntur
239 620 298 657 esse
318 603 429 672 vitiosa,
448 604 523 672 quod
537 604 638 658 Accius
658 604 704 674 [fr.
719 604 767 674 24]
787 603 937 673 geminatis
956 602 1100 657 vocalibus

85 675 170 730 scribi
193 678 296 728 natura
314 678 414 745 longas
438 675 563 743 syllabas
587 674 688 740 voluit,
713 692 776 728 eum
800 674 906 743 alioqui
926 673 1036 728 adiecto
1055 673 1101 727 vel

83 746 195 801 sublato
224 746 310 814 apice
331 745 517 816 longitudinis
546 749 574 799 et
601 746 749 828 breuitatis
773 748 840 830 noto
862 748 958 815 posset
982 746 1100 800 ostendi.

83 816 1101 959 ltlslalltttlldtstabeletate?tulisset

84 960 136 1014 ait:
157 961 205 1030 [fr.
217 961 254 1031 7].
275 961 390 1013 deinde:
406 961 453 1032 [fr.
465 961 504 1031 8].
524 961 648 1029 itemque
663 962 738 1027 qllod
753 975 1043 1023 Lucilius-corrigantur.
1062 960 1100 1015 id.

79 1050 110 1101 p.
126 1035 170 1097 32,
184 1036 221 1098 21
247 1031 397 1100 singularis
415 1047 546 1084 numerus
565 1047 615 1100 per
633 1047 719 1084 unam
737 1031 747 1083 i
767 1031 891 1085 litteram
911 1030 1050 1097 scribitur,
1069 1032 1102 1084 ut

84 1101 184 1156 docilis
203 1101 306 1170 facilis,
325 1102 443 1170 pluralis
463 1104 558 1155 autem
576 1103 730 1170 peracti,
749 1104 782 1155 ut
800 1101 910 1156 facileis
925 1100 1049 1168 docileis,
1069 1104 1101 1155 ut

84 1191 119 1227 ex
137 1172 190 1227 hoc
210 1178 346 1242 appareat
364 1172 515 1243 singularis
534 1173 604 1226 item
623 1174 710 1245 [idem
731 1175 814 1227 Bern.
831 1191 866 1228 na
882 1180 898 1227 1
916 1176 1011 1226 utrum
1029 1172 1100 1242 sing.

85 1245 162 1315 Keil]
188 1246 226 1298 sit
252 1244 406 1313 appellatio
431 1262 466 1297 an
489 1244 615 1313 pluralis.
658 1245 750 1297 aureis
774 1261 844 1311 quas
870 1245 953 1298 modo
979 1243 1101 1307 aetheris

96 1316 164 1369 -reis
184 1316 259 1386 Pal]
283 1315 430 1382 scribimus
450 1316 518 1386 [quo
537 1316 601 1370 add.
622 1316 720 1386 Rern]
744 1316 827 1370 modo
846 1315 948 1382 quibus
972 1314 1102 1369 audimus

97 1387 180 1440 -divi-
200 1388 261 1441 Pal.
283 1388 346 1439 aud.
380 1386 483 1455 quibus
499 1387 605 1458 Bern.],
624 1402 676 1440 nee
695 1386 787 1440 minus
807 1387 854 1458 [ne
869 1387 966 1457 Bern]
985 1405 1002 1439 a
1021 1385 1101 1439 nobis

97 1457 198 1511 anubis
213 1458 288 1528 Pal]
308 1458 317 1510 i
334 1457 483 1527 singularis
502 1459 532 1510 in
547 1458 646 1511 fraude
660 1457 777 1526 produci
795 1460 897 1526 potest,
916 1460 948 1511 ut
961 1457 1020 1510 vidi
1035 1458 1102 1511 seri-

104 1529 162 1582 itur
187 1530 240 1600 [ita
259 1530 356 1600 codd}
395 1529 417 1581 si
439 1531 532 1582 autem
556 1547 619 1583 cum
643 1530 740 1582 eadem
759 1530 769 1582 i
788 1529 885 1583 littera
909 1528 987 1582 aliud
1009 1527 1101 1596 breve,

85 1599 163 1654 aliud
183 1599 299 1670 longum
319 1602 371 1667 est,
394 1602 427 1652 ut
444 1600 496 1654 illa
515 1602 544 1654 et
561 1600 633 1669 pila:
661 1601 755 1669 apices
774 1600 815 1654 ibi
834 1599 902 1669 poni
921 1600 1032 1665 debent,
1051 1598 1101 1652 ubi

84 1672 175 1724 isdem
193 1670 297 1725 litteris
316 1671 374 1724 alia
393 1674 479 1740 atque
498 1671 555 1723 alia
573 1687 618 1724 res
637 1671 809 1742 designatur,
828 1673 861 1724 ut
879 1671 955 1726 venit
974 1671 1100 1735 strauit,

85 1744 145 1796 aret
164 1746 193 1797 et
212 1744 281 1807 aret,
300 1741 372 1812 legit
390 1746 418 1796 et
437 1742 507 1812 le‘git
526 1744 675 1810 ceteraque
694 1743 738 1796 his
753 1742 865 1810 similia,
885 1758 968 1811 super
982 1741 992 1794 i
1006 1744 1102 1796 tamen

84 1814 209 1868 litteram
238 1811 310 1886 apex'
336 1831 391 1867 non
419 1814 548 1883 ponitur:
580 1814 680 1867 melius
709 1814 782 1867 enim
810 1814 820 1866 i
848 1813 908 1882 pila
936 1813 958 1884 [i
985 1814 1015 1865 in
1042 1812 1102 1882 pila

91 1886 202 1956 Usener]
217 1884 246 1937 in
261 1885 377 1955 longum
386 1886 563 1953 producetur.
584 1887 692 1938 ceterae
703 1884 821 1950 vocales,
835 1901 909 1953 quae
923 1884 1003 1956 [quis
1013 1885 1102 1955 codd]

85 1957 183 2010 ecdem
204 1956 301 2013 ordine
320 1957 430 2024 positae
450 1957 560 2009 diversa
583 1956 757 2025 significant,
783 1957 863 2024 apice
881 1955 1102 2025 distinguuntur,

84 2043 121 2081 ne
140 2027 237 2096 legens
257 2027 434 2089 dubitatione
457 2027 637 2095 impediatur,
661 2027 714 2080 hoc
733 2029 829 2080 estne
847 2025 928 2096 μέλος
946 2027 1032 2095 ἀηδὲς
1055 2027 1103 2097 [nc

84 2099 115 2151 in
134 2115 164 2152 os
189 2097 247 2152 hos'
263 2099 347 2159 aedes
367 2100 450 2152 Bern.
489 2115 570 2152 nemo
594 2098 645 2152 hos
669 2099 753 2151 aedes
772 2100 849 2153 Pal:
877 2116 924 2152 ern.
944 2097 1102 2168 Buecheler]

85 2169 290 2239 pronuntietur.
319 2170 373 2224 ieta
387 2170 553 2224 Lachmann
571 2171 691 2238 (Lucra.
703 2187 732 2237 p.
744 2172 806 2238 186)
826 2176 851 2224 et
870 2171 969 2224 Usener
984 2170 1105 2223 Varroni

86 2242 237 2311 adsignant
256 2240 319 2309 (Ra.
341 2241 603 2309 Mas.24,1043q.),
629 2258 713 2310 nenne
731 2242 766 2295 ab
785 2241 842 2295 alr'o
861 2247 978 2306 erectore,
996 2242 1103 2309 opinor,

86 2329 118 2367 ea
137 2330 206 2380 qnae
224 2329 310 2380 rnna
329 2312 362 2366 de
380 2314 464 2366 Accio
483 2313 604 2367 Scanrns
623 2313 710 2367 tradit
727 2313 874 2378 (lacerant.

158 2424 178 2470 2*
193 2435 253 2472 esse
273 2418 298 2471 ei
317 2418 379 2472 Pal.
399 2433 460 2471 esse
479 2435 515 2472 er.
537 2420 635 2472 Rern:
654 2436 701 2472 ern.
722 2419 825 2473 Pntseb
915 2423 984 2470 3-6
1004 2417 1104 2472 adad

86 2491 177 2543 Lner'l.
197 2491 233 2557 fr.
252 2506 274 2543 e.
355 2489 482 2542 8dilab.
503 2492 587 2544 Bern.
668 2490 805 2544 teadd.
827 2489 893 2544 Keil
971 2494 1004 2542 10
1023 2487 1034 2541 i
1053 2505 1103 2542 orn.

85 2561 162 2615 codd.
227 2577 282 2613 non
298 2560 321 2612 dr
336 2559 450 2613 aliunde
464 2561 493 2612 in
509 2561 579 2630 sing.
614 2577 699 2628 quam
713 2561 743 2613 in
758 2563 882 2614 extrema
897 2559 1008 2628 syllaba
1022 2560 1104 2613 sonat

86 2633 171 2697 Bern.
192 2634 221 2685 et
243 2632 272 2683 in
297 2632 367 2701 sing.
387 2643 442 2685 non
468 2631 582 2685 aliunde
601 2648 687 2698 quam
711 2631 742 2684 in
761 2634 885 2684 extrema
904 2631 965 2699 syll.
986 2649 1006 2684 s.
1027 2631 1102 2685 Pal:

86 2720 135 2761 em.
150 2704 216 2757 Keil
290 2708 322 2755 12
342 2703 424 2756 mitto
444 2701 599 2766 emisimus:
619 2721 666 2757 ern.
688 2704 844 2758 Wilrnanns
917 2707 949 2755 13
969 2703 1044 2769 quod
1061 2702 1104 2754 est

86 2774 144 2827 abs.
162 2775 224 2828 Pal.
239 2775 298 2837 secl.
310 2774 400 2828 Wilrn.
459 2779 491 2826 14
511 2776 640 2828 constant
656 2777 738 2829 Bern.
795 2776 824 2827 et
838 2774 959 2828 diversa:
974 2791 1022 2828 ern.
1040 2773 1105 2828 Kal

499 2927 580 2982 ere
605 2918 675 3003 [er]
783 2932 784 2935 ¹

153 3049 209 3106 lae
232 3067 301 3106 non
324 3048 488 3108 debemus
513 3048 631 3107 dicere
655 3048 714 3107 sed
736 3049 819 3107 lact.

158 3148 254 3215 Pomp„
273 3153 410 3202 comerent.
426 3165 455 3216 p.
477 3151 543 3217 199,
563 3152 599 3201 10
621 3146 704 3200 multi
728 3147 826 3200 dicunt
854 3146 1011 3218 [inquirunt
1033 3148 1103 3201 coni.

92 3218 273 3288 Wilraanns],
287 3219 386 3270 utrum
405 3217 450 3270 lac
469 3218 594 3271 dicamus
615 3235 651 3271 au
669 3217 733 3271 laet.
755 3220 783 3271 et
801 3235 831 3272 re
848 3234 915 3271 vera
934 3218 963 3270 si
977 3233 1105 3284 quaeras,

85 3288 139 3342 hoc
162 3289 216 3341 rite
229 3289 384 3344 ¹facitnec
408 3287 494 3342 aliud.
536 3307 602 3342 nam
626 3289 649 3340 si
673 3289 776 3342 dixeris
799 3289 856 3355 lac,
883 3289 937 3342 erit
958 3287 1105 3358 genetivus

85 3360 169 3425 lacis,
196 3376 279 3427 quem
299 3361 336 3413 ad
359 3361 473 3414 modum
493 3359 565 3413 allec
584 3359 689 3415 allecis.
727 3359 831 3414 lectrrm
850 3362 893 3413 est
911 3360 964 3413 hoc
983 3359 1104 3427 saepius,

86 3430 236 3500 praecipue
256 3431 512 3500 apudVarronem.
546 3428 596 3485 ille
615 3431 696 3485 dicit:
715 3447 751 3485 rae
765 3463 792 3471 —
805 3447 859 3485 lnce.
889 3439 990 3486 contra
1007 3431 1115 3500 (laesus

86 3503 122 3564 fr.
134 3507 175 3556 14.
211 3503 325 3571 Valgius
341 3503 379 3569 fr.
391 3507 415 3556 6.
451 3504 677 3572 Verrinsfr.18.
706 3503 744 3571 cf.
760 3504 860 3558 Diona.
873 3502 1016 3570 ptum
1036 3506 1144 3564 umma-

82 3573 195 3626 nomina
221 3572 323 3639 Latina
353 3575 532 3633 nominativo
562 3594 633 3632 casu
665 3575 817 3649 singulari
843 3570 967 3626 litteras
995 3561 1166 3616 undosum
