2422 3840
269 240 273 244 ,
384 179 575 250 Hypsicratea.
613 177 644 245 Q.
664 178 813 234 Cosconius
1042 178 1106 243 109

459 376 732 443 FRAGMENTA

498 517 689 572 AOTIONUM

586 638 603 692 1

153 740 317 801 Cosconius
348 742 381 798 in
413 740 579 799 actionibus
611 739 714 799 scribit
747 742 915 816 praetorem
952 757 1106 798 accensum

80 833 210 891 solitum
241 832 308 888 tum
337 847 400 889 esse
432 829 542 903 iubere,
579 829 630 888 ubi
661 831 688 887 ei
717 828 875 887 videbatur
906 829 1011 888 horam
1044 846 1106 887 esse

81 919 218 994 tertium,
245 919 408 978 inclamare
435 919 540 977 horam
562 920 684 977 tertiam
707 935 768 976 esse
796 919 926 992 itemque
953 917 1105 975 meridiem

87 1009 247 1068 ethoram
270 1027 388 1067 nonam.

164 1089 254 1144 Varro
273 1089 306 1143 de
324 1090 341 1143 l.
357 1088 391 1141 L.
408 1093 433 1155 6,
448 1092 485 1142 89
504 1103 652 1141 accensum
667 1086 781 1140 solitum
796 1087 869 1141 ciere
884 1086 1000 1140 Boeotia
1016 1088 1107 1140 osten-

85 1161 140 1228 dit,
150 1175 236 1228 quam
245 1159 419 1216 comoediam
428 1157 581 1232 A<qui>lii
591 1176 650 1212 esse
660 1158 765 1224 dicunt,
778 1158 832 1212 hoc
841 1175 922 1211 versu
932 1158 1106 1229 [10Ribb.³]:

86 1231 150 1286 ‘ubi
168 1231 290 1301 primum
309 1247 442 1285 accensus
461 1230 598 1285 clamarat
616 1229 782 1283 meridiem'.
815 1229 869 1283 hoc
891 1229 968 1283 idem
987 1242 1107 1283 cosconius

83 1319 110 1358 sn
125 1316 254 1358 maenibus
268 1334 301 1343 -
315 1327 405 1356 nonam.
454 1303 526 1356 nocis
545 1302 695 1356 ‘accensos'
711 1301 856 1370 explicatio
871 1302 1032 1369 innocendi,
1051 1317 1108 1355 non

84 1375 264 1446 eromneats'ci
272 1380 319 1441 est,
328 1380 483 1442 nntnraqne
493 1373 558 1426 iibri
569 1373 730 1427 ‘actionem'
741 1373 889 1438 manifeste
904 1379 943 1426 est
956 1373 1000 1441 (cf.
1013 1373 1106 1438 Hertz,

86 1446 186 1502 Fece.
201 1445 314 1501 Jahrbb.
333 1449 377 1500 85.
396 1448 512 1513 186211.
528 1448 572 1498 52.
607 1445 640 1498 de
653 1444 808 1498 actionibus
826 1444 957 1498 scaenicis
974 1445 1107 1513 coeitoee·

86 1523 135 1573 rot
151 1517 260 1572 inienio
279 1517 387 1571 Ritscbi
409 1533 451 1585 op.
471 1520 498 1582 3,
512 1517 593 1585 256);
618 1533 684 1569 nom
707 1516 778 1583 qnod
796 1515 980 1570 Reitzenstein
1004 1516 1107 1583 (Varro

87 1605 116 1642 ιι.
135 1588 196 1642 Iob.
215 1605 239 1642 c.
260 1588 348 1643 Ena.
364 1604 394 1656 p.
410 1590 455 1656 41)
480 1587 524 1640 ‘in
541 1587 711 1641 oetionibns’
736 1587 802 1640 iibri
823 1587 1028 1655 inscribtionem
1051 1602 1108 1639 non

87 1676 144 1714 esse
162 1659 310 1724 contendit,
328 1660 450 1713 alienun
468 1665 513 1712 est.

162 1754 177 1800 2
197 1749 260 1802 tum
277 1749 392 1803 secludit
407 1747 522 1817 Speneei

446 1923 630 1979 INCERTAE
651 1923 751 1977 SEDIS

163 2034 264 2116 quibus
277 2050 311 2087 en
324 2032 403 2115 libris
420 2033 607 2129 monmcticis
622 2032 882 2127 ‚isen'maneneiint
899 2032 1040 2113 nescimus.
1072 2030 1109 2084 ed

83 2103 634 2246 §sitientissime
650 2101 948 2241 timiditati&
966 2103 1025 2156 m
1156 2194 1159 2200 ·

586 2308 609 2367 2

113 2477 115 2482 ,
159 2433 228 2474 cum
246 2413 403 2473 verborum
422 2414 623 2472 declinatuum
641 2433 749 2491 genera
768 2413 828 2472 sint
846 2416 996 2487 quattuor,
1017 2431 1109 2469 unum

90 2503 173 2580 quod
196 2505 332 2578 tempora
360 2502 548 2580 adsignificat
569 2522 664 2578 neque
686 2501 777 2560 habet
800 2519 893 2575 essue,
924 2503 958 2558 ut
981 2500 1017 2559 ab
1042 2502 1108 2577 lego

89 2592 174 2670 loges
198 2592 271 2669 lege,
299 2592 427 2650 alterum
450 2591 529 2667 quod
554 2609 637 2650 casus
664 2590 755 2649 habet
778 2610 873 2665 neque
900 2592 1035 2665 tempora
1058 2589 1108 2646 ad·

91 2679 252 2759 significat,
275 2682 309 2738 ut
328 2680 365 2738 ab
388 2681 455 2758 lego
478 2681 567 2739 lectio
591 2683 621 2739 et
642 2678 743 2753 lector,
771 2682 894 2737 tertium
917 2678 996 2754 quod
1018 2678 1109 2737 habet

91 2774 254 2844 utrumque
273 2772 303 2827 et
326 2772 461 2845 tempora
479 2772 509 2827 et
532 2787 624 2843 ossus
648 2772 682 2826 ut
701 2768 738 2826 ab
762 2768 828 2845 lego
847 2769 947 2844 legens
970 2769 1109 2841 lecturus
1138 2789 1148 2825 s

91 2861 235 2935 quartum
259 2859 339 2934 quod
361 2862 500 2916 neutrum
522 2857 621 2936 habet,
648 2861 683 2916 ut
706 2858 742 2916 ab
766 2859 833 2934 lego
857 2858 931 2915 lecte
956 2876 989 2915 ac
1012 2856 1109 2915 lectis-

92 2949 178 3023 sime,
210 2948 317 3005 horum
343 2946 502 3006 verborum
529 2947 556 3005 si
582 2948 760 3023 primigenia
791 2950 860 3005 sunt
887 2947 925 3004 ad
954 2945 1046 3018 mille,
1076 2946 1111 3002 ut

94 3036 257 3096 Cosconius
276 3035 386 3111 scribit,
406 3056 440 3094 ex
455 3055 557 3095 eorum
571 3036 818 3095 declinationibus
837 3035 993 3094 verborum
1008 3034 1109 3092 discri-

91 3128 176 3184 mina
208 3126 372 3203 quingenta
403 3125 488 3184 milia
520 3143 581 3184 esse
613 3127 738 3200 possunt
769 3124 844 3199 ideo,
882 3125 952 3198 quia
984 3124 1113 3200 singulis

93 3214 193 3275 verbis
208 3213 394 3292 primigeniis
409 3214 526 3273 circiter
540 3215 719 3291 quingentae
739 3216 848 3289 species
864 3212 1109 3271 declinationibus
1125 3234 1150 3272 ιο

91 3305 178 3363 fiunt.
215 3304 396 3380 primigenia
418 3303 557 3361 dicuntur
579 3303 670 3362 verba
688 3305 722 3360 ut
745 3303 811 3380 lego
836 3302 931 3360 scribo
953 3303 999 3359 sto
1023 3301 1109 3359 sedeo

93 3396 125 3452 et
143 3394 243 3451 cetera
266 3411 342 3469 quae
364 3411 424 3451 non
447 3392 572 3451 suntab
594 3392 694 3466 aliquo
717 3392 816 3464 verbo,
839 3390 890 3449 sed
909 3408 976 3447 suas
999 3389 1111 3447 habent

92 3481 216 3541 rodices.
248 3483 351 3540 contre
360 3481 451 3540 verbo
465 3481 612 3540 declinata
626 3484 697 3541 sunt
706 3499 784 3560 quae
799 3479 837 3542 ab
853 3479 958 3558 atiquo
973 3480 1129 3550 onustus„

93 3573 128 3627 ut
143 3569 183 3628 ab
197 3570 266 3643 Iege
281 3569 359 3644 legis
373 3569 450 3648 legit
470 3571 574 3650 legem
594 3577 625 3636 et
650 3577 694 3638 sic
713 3575 858 3638 indidem
872 3575 953 3636 tirno
973 3567 1150 3651 oermubta.
