2422 3840
138 165 202 230 156
284 165 491 221 Grammaticus
510 165 613 226 aetatis
631 164 823 219 Varronianae
842 164 1002 236 fragmenta

210 325 290 380 Char.
304 344 335 396 p.
356 330 416 393 141,
430 329 467 380 24
486 332 529 392 (=
547 324 623 379 Pac.
641 326 705 380 dot.
723 342 799 380 serm.
814 326 1012 395 1211511.)
1032 327 1153 395 partum.

137 411 218 453 caesar
233 429 257 438 -
272 415 367 462 partum,
386 394 531 450 Cornelius
545 396 640 466 Nepos
656 395 818 450 inlustrium
831 397 882 449 XV
901 413 949 451 *a
968 396 1016 467 [fr.
1031 397 1106 479 212]
1126 399 1156 450 et

137 468 244 522 Ennius
263 469 458 539 [11159317.
504 467 628 536 ‘iamque
642 466 701 523 fere
715 470 849 536 quattuor
867 469 1001 537 partum’‚
1021 484 1156 536 quomam

138 540 174 593 ab
188 540 242 593 hac
255 541 337 609 parte
350 538 421 593 facit
436 541 465 593 et
498 555 529 592 us
542 541 645 608 partes.
673 538 723 593 sed
737 539 918 604 consuetudo,
932 538 1027 607 inquit
1036 538 1154 607 Plinius,

138 614 171 665 ut
188 610 387 681 praegnatium
406 609 578 681 [regnatium
595 610 665 681 coci]
686 609 874 679 optimatium.

205 851 237 908 in
268 848 353 910 libris
386 850 548 927 analogicis
574 754 799 908 {iniffistius
831 838 911 907 modi
944 844 1101 928 [concilior
1131 853 1159 908 ci

139 940 252 999 dativus
279 940 445 1014 simulares
473 940 624 997 nomicum
654 943 777 1010 quartae
806 933 1020 1017 declinationis]
1055 939 1118 997 sine
1145 941 1158 996 i

136 1029 241 1087 littera
264 1028 389 1087 dicenda
411 1030 510 1087 censet
534 1021 683 1106 [Caesar]

213 1126 281 1181 Geli.
301 1131 409 1193 1,16,8
427 1124 455 1179 C.
470 1124 557 1178 etiam
572 1124 674 1179 Caesar
688 1125 781 1195 gravis
796 1127 894 1178 auctor
906 1124 1026 1178 Latinae
1040 1124 1158 1196 linguae

139 1197 170 1250 in
192 1197 364 1251 Anticatone
393 1197 664 1267 [1145111111
695 1195 809 1249 ‘unius'
838 1195 932 1266 inquit
961 1196 1039 1250 ‘arro
1061 1195 1158 1250 antiae

140 1267 288 1338 superbiae
315 1267 537 1336 dominatuque'.
574 1267 644 1321 item
662 1267 692 1320 in
710 1267 888 1321 Dolabellam
907 1214 1060 1321 actionis}
1076 1266 1158 1320 lib.I

140 1341 242 1411 [3,135
253 1339 349 1410 Kuc.]:
370 1337 438 1405 ‘isti
454 1355 572 1407 quorum
585 1337 616 1391 in
631 1338 749 1392 aedibus
763 1338 893 1408 fanisque
907 1338 1001 1408 posita
1015 1341 1044 1393 et
1057 1338 1159 1393 honori

140 1413 220 1465 erant
248 1413 277 1465 et
302 1411 422 1465 oruatu'.
459 1425 485 1464 sn
502 1424 567 1464 ubas
593 1425 705 1479 quoque
733 1424 855 1474 analogias
869 1441 896 1449 —
909 1427 989 1465 censor.
1026 1411 1061 1475 cf.
1081 1410 1157 1464 Noa.

134 1500 165 1552 p.
177 1486 288 1549 501,24.
308 1483 395 1536 Prisc.
404 1499 434 1551 p.
446 1486 508 1547 363,
514 1485 557 1535 15.
577 1481 649 1536 Sero.
660 1488 686 1536 et
694 1481 780 1536 Soloi.
791 1483 876 1536 Beris.
887 1497 975 1552 peorp.
985 1485 1080 1548 4,15c.
1094 1486 1158 1536 198.

140 1554 281 1619 Deilcfoea
299 1553 315 1606 l.
330 1570 352 1607 c.
367 1571 398 1623 p.
419 1557 514 1621 712cq.

214 1648 229 1695 2
250 1642 260 1694 i
279 1642 356 1696 codd.
376 1641 486 1696 dotem
504 1658 554 1696 οιιι.
574 1642 632 1695 rell.
724 1646 739 1694 3
759 1644 874 1695 censent
892 1641 968 1695 codd.
988 1647 1041 1710 opi.

207 1903 341 1958 mortuus
370 1919 405 1957 ex
435 1918 494 1973 qua
524 1903 609 1975 parte
642 1900 785 1958 orationis
817 1899 982 1957 declinetur
1013 1900 1160 1956 incertum

141 1992 194 2048 cst.
245 2008 315 2047 nam
343 1990 420 2046 sicut
448 1990 491 2046 ait
520 1986 637 2062 Caesar,
670 1987 707 2045 ab
735 2007 769 2046 ec
797 1988 876 2062 quod
905 1990 951 2046 est
977 1989 1096 2062 morior,
1127 1990 1159 2044 iu

141 2078 300 2155 participio
319 2079 474 2152 praeteriti
492 2078 634 2152 temporis
653 2077 684 2134 in
703 2079 752 2135 tus
772 2078 850 2135 exire
870 2077 979 2151 debuit,
999 2096 1159 2152 perunum

142 2168 253 2226 scilicet
280 2187 309 2240 u,
339 2186 399 2224 non
425 2184 479 2242 per
506 2165 572 2224 duo.
619 2184 688 2224 nam
714 2166 767 2224 ubi
794 2168 946 2243 geminata
973 2168 1019 2224 est
1047 2165 1159 2239 littera,

115 2275 248 2325 5nomen
272 2259 324 2329 est,
347 2274 407 2313 uon
430 2253 630 2330 participium,
652 2257 687 2313 ut
709 2255 811 2314 fatuus
835 2255 952 2313 arduus.

213 2353 282 2408 leid.
308 2369 346 2407 or.
372 2358 415 2420 11,
428 2357 456 2420 2,
471 2358 506 2408 33
532 2370 633 2407 mortuus
647 2355 742 2406 autem
761 2367 923 2407 rix-arduus
960 2353 1077 2423 Aliquot.
1104 2370 1159 2422 rep.

144 2426 232 2480 OGK
248 2426 274 2478 V
289 2428 352 2490 520,
365 2429 404 2479 22
429 2426 471 2478 est
493 2442 578 2477 unum
603 2423 785 2494 participium
807 2422 954 2493 praeteriti
976 2422 1110 2492 temporis
1129 2425 1159 2476 in

143 2495 218 2549 omni
232 2495 333 2549 Latino
344 2511 478 2562 sermone,
493 2495 568 2563 quod
583 2495 613 2547 in
622 2494 742 2549 formam
755 2495 876 2549 nominis
886 2494 929 2549 vel
940 2494 1160 2548 declinationem

143 2582 306 2620 conversum
324 2568 375 2634 est,
399 2568 432 2620 ut
450 2569 493 2620 cst
516 2568 649 2619 mortuus.
687 2568 731 2619 est
749 2566 824 2620 euim
843 2567 878 2621 ab
898 2582 931 2620 eo
950 2566 1026 2634 quod
1047 2566 1159 2632 morior,

143 2640 172 2692 et
185 2637 366 2707 participium
385 2636 532 2706 praeteriti
550 2636 685 2720 temporis
699 2638 729 2690 in
743 2641 789 2691 tus
804 2639 880 2718 crire
894 2637 993 2720 detuit
1008 2653 1160 2719 perunum

143 2725 324 2846 laniat
344 2708 1159 2849 11111111111111111111

144 2851 263 2904 carduus
287 2850 404 2921 exiguus
427 2851 535 2916 beluus,
560 2853 594 2904 ut
616 2850 711 2905 Cicero
736 2851 816 2905 dixit.
852 2852 887 2918 cs.
912 2851 993 2906 Prot.
1018 2853 1081 2905 iusi.
1106 2856 1158 2904 ari.

138 2941 169 2992 1²·
186 2927 246 2988 126,
262 2926 305 2976 16.
342 2924 430 2977 Prisc.
445 2940 476 2991 p.
496 2927 559 2989 502,
573 2928 599 2977 3.

582 3057 626 3114 28
664 3057 709 3114 27

211 3159 319 3220 Caesar
348 3181 407 3220 non
436 3164 597 3239 incongrue
627 3050 753 3237 piotuiit
784 3180 835 3220 ens
862 3181 880 3220 a
907 3161 996 3220 verbo
1027 3179 1092 3218 sum
1120 3179 1160 3236 11,

143 3250 291 3327 quomodo
315 3270 333 3309 a
357 3249 446 3309 verbo
470 3269 591 3326 possum
613 3254 707 3326 poteo,
731 3253 844 3327 potens¹

215 3350 302 3404 Prisc.
323 3351 379 3402 ΠΙ
387 3352 484 3415 239,5
517 3347 617 3403 Graeci
647 3352 741 3402 autem
769 3347 920 3417 participio
948 3349 1066 3401 utuntur
1094 3348 1159 3402 sub-

143 3421 278 3474 stantivo:
300 3418 476 3482 ,Ἀπολλώνιος
495 3417 534 3474 ὢν
552 3418 703 3487 διδάσκεις,
724 3420 847 3486 Τρύφων
862 3417 900 3474 ὢν
917 3419 1084 3488 μανθάνεις,
1104 3437 1159 3488 quo

141 3509 194 3545 nos
213 3507 324 3559 quoque
348 3491 502 3545 secundum
526 3491 688 3561 analogiam
709 3507 855 3559 possemus
873 3490 925 3559 uti,
952 3490 1006 3544 nisi
1025 3509 1092 3544 usus
1112 3492 1159 3545 de-

125 3560 229 3612 ficeret
240 3561 395 3633 participii
413 3562 557 3633 frequens.
597 3562 726 3634 quamuis
745 3575 826 3617 Caesar
840 3593 864 3602 -
877 3581 964 3624 poiens.
