2422 3840
124 164 188 231 208
272 165 480 221 Grammaticae
498 163 600 222 aetatis
619 162 811 221 Varronianae
830 166 990 237 fragmenta

123 327 200 396 quod
218 325 349 380 similiter
371 326 401 379 iu
424 326 478 380 hoc
506 326 629 380 carmine
651 324 789 381 ridiculae
812 345 857 380 res
875 327 1079 396 pudendaeque
1099 327 1141 380 di·

124 401 225 452 cuntur
242 398 320 452 velut
338 415 411 467 quae
431 414 448 451 a
467 397 570 452 saturis
583 396 769 467 'proferrmtur
787 401 817 452 et
834 398 917 464 fiunt,
937 399 995 453 sive
1014 400 1141 452 5555155

122 470 216 537 lance,
245 486 317 538 quae
340 469 445 523 referta
467 468 552 523 variis
574 468 728 538 multisque
751 469 885 538 primitiis
908 471 938 523 iu
962 486 1040 524 sacro
1064 471 1141 539 apu‘d

122 542 229 610 priscos
249 541 293 594 dis
312 540 487 595 inferebatur
506 542 535 593 et
554 554 571 594 a
590 540 677 609 copia
694 556 728 594 ac
747 541 896 594 saturitate
918 541 960 595 rei
979 543 1076 595 satura
1095 558 1140 594 vo-

124 613 241 666 cabatur
269 635 315 676 -3
344 613 403 665 sive
427 629 444 664 a
466 612 590 680 quodam
611 626 717 735 genere
745 611 914 679 farciminis,
942 613 1017 680 quod
1042 612 1141 666 multis

122 684 206 737 rebus
224 682 359 736 refertum
378 685 504 736 saliuam
523 682 594 736 dicit
637 700 699 736 arro
718 684 878 737 vocitatum.
912 686 955 736 cst
974 685 1069 737 autem
1087 684 1141 737 hoc

122 755 247 824 positum
270 755 300 807 in
322 754 347 807 ΙΙ
371 754 443 808 libro
466 753 662 808 Plautinarum
685 755 894 823 quaestionum:
932 772 1048 810 555555-
1062 781 1140 819 grana.

124 825 174 880 alii
194 828 289 880 autem
303 825 409 879 dictam
423 827 526 894 putant
540 841 557 877 a
571 825 634 894 lege
653 827 759 892 satura,
777 843 849 894 quae
863 842 920 879 uno
934 828 1037 896 rogatu
1050 826 1142 880 multa

123 897 208 951 simul
234 896 457 966 conprehendat,
490 897 565 964 quod
591 896 700 950 scilicet
725 899 754 950 et
779 899 885 952 satura·
902 898 1024 951 carmine
1049 897 1142 953 multa

123 968 206 1022 simul
229 969 661 1037 poematacouprehenduntun
688 968 767 1029 cuius
791 971 903 1023 saturae
925 967 998 1038 legis
1016 968 1142 1022 Lucilius

123 1040 251 1093 meminit
274 1040 304 1092 in
327 1039 418 1108 primo
438 1040 487 1111 [48
502 1040 577 1110 Ma]
598 1040 660 1108 ‘per
683 1041 807 1093 saturam
826 1039 946 1094 aedilem
965 1039 1073 1093 factum
1092 1040 1142 1109 qui
1179 1085 1181 1088 Α

123 1110 234 1180 legibus
269 1111 369 1164 solvat’
407 1113 436 1163 et
470 1110 620 1164 Sallustius
655 1109 685 1163 in
710 1110 847 1182 Iugurtha
883 1111 940 1182 [29,
962 1112 991 1182 5]
1026 1111 1141 1166 ‘deinde

41 1234 50 1252 ‚
123 1182 204 1250 quasi
218 1200 269 1251 per
283 1184 408 1236 saturam
423 1182 571 1235 sententiis
587 1180 734 1249 exquisitis
748 1183 778 1234 in
793 1182 966 1236 deditionem
981 1182 1140 1251 accipitur’.

123 1255 157 1319 cf.
173 1255 246 1312 Feci.
258 1271 287 1322 p.
303 1257 386 1319 3141,
400 1256 437 1307 25
455 1255 549 1323 (Paul.
567 1270 596 1320 p.
612 1257 674 1319 315,
689 1256 725 1323 7).
747 1253 841 1323 Quint.
858 1258 998 1321 10,1,93.
1015 1253 1140 1309 Euauih.

122 1326 228 1392 desub.
243 1329 311 1391 2,5
333 1325 551 1379 Ps-Aeroserm
572 1325 694 1393 ipraef.
715 1325 783 1378 Ieid.
803 1342 841 1379 er
860 1330 887 1391 8,
902 1329 928 1391 7,
943 1329 980 1378 8:
1050 1342 1142 1380 omues

121 1397 313 1451 Diomedirt
287 1398 463 1467 etymoloyiae
486 1397 542 1450 Leo
563 1396 683 1450 Varroui
706 1395 832 1451 5555555555
859 1397 982 1466 (Hermes
999 1400 1044 1449 24.
1065 1401 1142 1450 1889

119 1473 248 1593 altilem
268 1471 311 1591 3X9.
341 1472 460 1607 1)9045.
482 1469 544 1536 76),·
569 1467 652 1575 aliter
677 1467 784 1521 iudicat
802 1469 907 1571 Marc
926 1468 1027 1536 (Lucil.-
1056 1485 1141 1522 carm.

121 1542 171 1593 rel
200 1545 259 1607 11)
315 1555 345 1607 sq

195 1627 316 1698 lsatyra
371 1627 474 1695 ipinei
484 1629 593 1694 scripsit
603 1629 738 1712 etesteel
753 1627 811 1681 Leo
826 1627 928 1695 (GGF
939 1627 1041 1700 Karbel
1054 1645 1080 1696 p.
1093 1631 1140 1697 56)

237 1859 270 1911 Π.
289 1857 480 1911 LIBRORUM
498 1857 548 1910 AD
567 1855 769 1911 HISTORIAM
787 1856 1026 1910 LITTERARUM

491 1963 770 2018 PERTINENTIUM
864 2010 866 2013 .
970 1990 973 1995 ’

112 2083 113 2088 ’
228 2097 229 2101 ’
342 2089 390 2142 DE
410 2088 638 2143 BIBLIOTHECI
638 2089 658 2142 S
626 2087 865 2142 ILIBRORUM
881 2087 919 2141 ΠΙ

161 2296 163 2299 ,
192 2233 226 2298 ef.
246 2249 334 2301 auara
352 2233 410 2285 55555
430 2233 638 2301 Hieronymip.
658 2235 722 2286 182.
754 2188 803 2286 hoc
825 2247 894 2300 apua
916 2232 1037 2291 conicias
1054 2232 1140 2298 fuisse

121 2304 154 2358 de
185 2306 301 2358 historia
334 2303 554 2358 bibliothecarum
589 2303 701 2358 Graecis
728 2319 845 2372 prorsus
871 2318 928 2356 uou
956 2304 1074 2368 omissis,
1107 2303 1140 2356 de

120 2376 228 2430 ratioue
256 2374 428 2429 bibliothecas
455 2375 620 2440 oreliuaudi,
652 2376 685 2428 de
715 2375 803 2429 uariis
833 2375 976 2444 yeueribus
1007 2375 1139 2427 librorum

121 2447 310 2514 ocribeuelique
329 2446 524 2500 instrumentis.
552 2446 623 2506 idem
642 2462 716 2500 aureo
736 2444 833 2514 706547
851 2446 906 2511 fere
924 2445 1074 2510 coufeetum
1093 2451 1138 2511 est,

121 2520 154 2584 si,
169 2525 200 2571 ut
214 2517 320 2572 Ritschl
332 2518 491 2585 auspicatur
509 2519 561 2585 (op.
577 2520 603 2582 3,
617 2519 690 2585 452),
705 2517 842 2587 ueyotium
861 2517 1082 2576 bibliothecarum
1096 2516 1138 2570 eli·

118 2589 302 2659 yereuelarum
318 2589 438 2643 Varroui
461 2606 479 2641 a
504 2588 618 2643 Caesare
641 2588 736 2642 datum
762 2590 828 2656 (5555.
846 2590 890 2655 13)
916 2603 1002 2640 causa
1025 2588 1051 2640 ei
1071 2589 1138 2641 'seri-

122 2659 203 2714 bcurli
219 2661 283 2726 suit.
321 2662 373 2714 huc
391 2659 512 2727 quadrat
528 2660 564 2725 fr.
579 2663 642 2712 297.
674 2713 675 2716 ,

609 2773 650 2831 53

188 2873 235 2930 lib.
259 2873 306 2931 II.
353 2872 631 2948 uectigaliorum
763 2927 764 2930 ,

195 2970 274 3025 char.
285 2988 315 3038 p.
331 2975 394 3036 146,
408 2974 444 3023 32
463 2973 507 3039 (=
523 2970 597 3023 Pliu.
613 2969 675 3022 dub.
690 2969 766 3037 cerm.
782 2986 812 3037 p.
827 2971 873 3034 22,
889 2967 975 3037 1515.)
994 2967 1082 3021 Varro
1103 2968 1138 3022 de

120 3040 301 3095 bibliothecis
319 3041 345 3093 Π
363 3055 538 3104 vectigeuorum.
648 3057 650 3062 '

609 3156 650 3214 54

187 3253 328 3330 glutine
353 3257 387 3311 et
410 3256 503 3312 citro
526 3254 669 3312 reficit-

194 3351 273 3406 Char.
280 3370 310 3422 p.
321 3357 367 3419 87,
377 3357 415 3407 22
424 3355 468 3422 (--·
485 3353 559 3406 Pliu.
575 3353 638 3406 club.
652 3369 728 3406 cerm.
740 3369 770 3420 p.
782 3356 826 3417 54,
836 3356 869 3404 11
877 3352 923 3420 Β.)
937 3350 1035 3420 gluten
1044 3382 1071 3390 -
1081 3367 1138 3419 qua

122 3422 310 3478 declinatione
317 3440 384 3477 usus
393 3425 436 3477 est
443 3425 471 3477 et
478 3423 567 3476 Varro
576 3423 610 3476 de
618 3421 799 3476 bibliothecis
808 3423 916 3475 dicens:
931 3435 1136 3485 glutine-reflua

119 3497 163 3546 ast
186 3494 260 3546 enim
281 3495 381 3562 gluten
406 3497 439 3547 ut
461 3496 569 3548 stamen
593 3493 739 3548 subtemen
764 3495 792 3545 et
810 3492 881 3545 facit
899 3492 935 3546 ab
954 3494 1007 3546 hoc
1026 3493 1137 3562 glutine

102 3562 181 3628 (ut)
195 3565 321 3618 stamine
335 3566 507 3624 subtemine.
529 3567 624 3622 sedet
638 3565 783 3637 glutinum
794 3564 826 3617 iu
837 3564 943 3618 Scauro
956 3564 1005 3635 155.
1019 3565 1077 3635 801.
1097 3565 1136 3621 id.
