2422 3840
88 146 128 210 16
406 145 615 201 Grammaticee
631 147 786 216 primordie

158 307 266 362 066866.
290 307 316 360 cl.
340 325 367 360 tt.
391 310 470 372 22,9
498 309 541 376 (ex
564 307 697 375 Varrone)
723 322 816 362 nomine
830 339 863 348 -
876 334 976 363 nurnero.
1015 311 1109 366 Varro

85 378 118 432 ee
141 379 158 432 l.
178 379 212 432 L.
229 384 254 443 6,
269 383 305 432 33
332 378 439 448 primus
468 379 591 450 [mensis]
617 395 634 432 a
657 378 764 446 Marte3
797 381 948 448 secundus,
980 383 1013 434 ut
1038 381 1106 435 Isur-

85 449 147 501 vius
172 449 271 502 scribit
294 451 323 502 et
345 449 454 514 Iunius,
483 466 500 502 a
522 449 644 515 Venere,
668 450 743 517 quod
767 467 801 504 ea
824 451 861 504 sit
877 447 1036 522 Ἀφροδίτη
1058 475 1106 520 -;

84 521 186 573 tertius
205 537 222 574 a
241 519 394 574 maioribus
413 521 513 586 Maius,
533 523 649 590 quartus
669 538 686 574 a
705 521 860 576 iunioribus
885 523 977 577 dictus
999 523 1106 579 Iunius.

86 590 188 645 dehinc
207 593 322 660 quintus
342 591 476 656 Quintilis
495 594 524 645 et
543 593 583 646 sic
602 593 734 660 deinceps
755 610 842 660 usque
866 594 903 647 ad
921 593 1107 649 Decembrem

86 679 245 717 enumero.
275 665 547 729 Macrob.1,12,5
569 664 639 717 haec
662 663 717 716 fuit
741 663 853 718 Romuli
877 665 1031 733 ordinatio,
1056 667 1106 735 qui

85 734 207 803 primum
231 734 298 787 anni
321 750 444 787 mensem
463 735 585 802 genitori
608 752 657 789 suo
681 735 766 788 Marti
786 736 928 790 dicarit&
951 737 1107 792 seumdnm

84 821 210 858 mensem
224 806 379 860 nominavit
393 805 527 875 Aprilem,
547 808 579 859 ut
593 806 710 873 quidem
723 809 834 874 putant,
854 825 917 860 cum
932 809 1106 877 aspiratione

85 876 168 944 quasi
191 877 349 946 Aphrllem,
376 893 393 930 a
419 894 518 947 spuma
541 894 626 946 quum
648 877 747 932 Graeci
773 878 868 947 ἀφρόν
890 882 1003 945 vocant,
1029 881 1107 934 unde

85 949 147 1001 orta
156 947 251 1002 Venus
266 949 390 1002 creditur
404 948 464 1019 [Or.
479 951 543 1016 fuet.
554 953 580 1014 4,
591 953 634 1002 61.
659 951 731 1019 Lyd.
746 951 873 1004 clemens.
889 951 1043 1022 repauset}
1070 957 1108 1006 16

87 1018 196 1071 Maium
209 1018 344 1073 Romulus
362 1021 479 1073 tertium
492 1020 596 1089 posuit,
616 1020 650 1073 de
669 1021 748 1074 cuius
762 1021 874 1075 nomine
889 1021 963 1075 inter
977 1024 1106 1077 auctores

86 1088 146 1143 latu
165 1089 301 1144 dissensio
321 1092 371 1144 est.
408 1107 475 1144 nam
493 1090 607 1143 Fulvius
626 1089 755 1146 Nobilior
777 1092 812 1145 in
834 1092 941 1145 fastis
965 1110 1047 1162 quos
1072 1094 1108 1148 in

85 1161 169 1214 aede
192 1161 351 1216 Herculis
375 1162 546 1215 Musarum
564 1163 611 1233 [cf.
631 1164 707 1217 Ptin.
726 1182 754 1216 e.
773 1165 799 1217 b.
819 1168 863 1229 35,
879 1168 921 1218 66.
951 1165 996 1219 Dc
1013 1166 1108 1232 Bessi,

85 1233 149 1287 tull.
169 1235 283 1288 crobeol.
302 1238 376 1287 1869
391 1252 420 1302 p.
436 1234 465 1304 3]
484 1234 601 1302 posuit
620 1233 772 1288 Romulum
789 1236 867 1299 dicit,
886 1237 1038 1304 postquem
1055 1254 1110 1306 po-

84 1303 183 1372 pulum
202 1305 232 1357 in
249 1305 369 1358 maiores
388 1305 566 1372 iunioresque
590 1305 697 1373 divisit,
724 1308 756 1359 ut
782 1306 872 1359 altera
897 1323 963 1375 pars
987 1307 1107 1362 consilio

85 1374 176 1428 altera
195 1377 280 1428 armis
294 1375 498 1445 rempublicam
511 1378 645 1442 tueretur,
665 1377 694 1429 in
708 1375 842 1431 honorem
855 1378 1001 1446 utriusque
1015 1380 1108 1447 partis

84 1445 159 1501 hunc
169 1446 284 1513 Maium,
299 1449 462 1515 sequentem
471 1446 582 1500 Iunium
592 1463 716 1501 mensem
726 1465 847 1503 vocasse.
867 1450 902 1514 cf.
918 1449 1007 1504 Varro
1017 1451 1106 1517 infra:

86 1517 200 1572 Cincius
217 1520 253 1584 fr.
269 1523 293 1573 6.
325 1517 402 1573 Ouid.
416 1521 480 1585 fast.
501 1523 526 1584 1,
541 1523 584 1572 41.
605 1524 631 1585 5,
646 1524 714 1589 req.
730 1524 793 1573 427.
826 1521 898 1575 Fect.
913 1539 945 1590 p.
965 1525 1044 1587 134⁶,
1058 1526 1105 1576 27.

86 1590 161 1643 Prot.
182 1589 267 1643 Num.
286 1594 331 1643 19.
360 1591 432 1644 Soet.
451 1592 507 1644 rell.
523 1608 554 1659 p.
570 1594 624 1643 163
638 1593 673 1646 R.
702 1590 771 1645 Isiu.
791 1610 829 1646 or.
846 1597 872 1656 5,
886 1596 930 1659 33,
946 1597 1009 1661 5sq.
1030 1592 1105 1662 Lyd.

86 1661 118 1714 de
144 1677 225 1714 mem
246 1665 271 1725 4,
286 1666 330 1715 56.
374 1662 491 1731 Aupaut.
519 1668 615 1716 contra
634 1662 773 1716 Faustum
791 1668 837 1729 18,
852 1668 877 1717 5.
919 1665 968 1718 cio.
989 1664 1014 1717 d.
1037 1669 1062 1730 7,
1079 1670 1105 1718 7.

85 1733 157 1786 Sero.
176 1750 201 1802 p.
218 1737 242 1798 1,
257 1736 301 1785 43.
339 1732 458 1786 Cassiod*
470 1750 529 1787 oar.
549 1738 575 1799 1,
590 1737 633 1787 35.
668 1734 753 1788 GGL
769 1736 813 1789 VI
827 1739 888 1788 535.

157 1825 172 1872 ‘l
192 1837 281 1888 usque
301 1820 337 1873 ud
357 1822 443 1875 Vatic.
463 1823 693 1876 4498et1esuit.

580 1975 602 2031 2

153 2078 191 2135 ed
209 2077 263 2136 hos
283 2072 392 2156 [decem
409 2073 535 2157 menses]
557 2080 610 2154 qui
628 2079 734 2153 additi,
757 2083 839 2156 prior
859 2100 876 2139 a
895 2082 1029 2158 principe
1050 2083 1105 2142 deo

86 2166 245 2225 Ianuarius
270 2167 448 2242 appellatus,
475 2170 631 2243 posterior,
659 2172 694 2226 ut
717 2168 796 2226 idem
820 2169 922 2229 dicunt
946 2173 1105 2247 scriptores

85 2247 228 2333 [Fulcitur
242 2260 268 2313 et
282 2257 401 2330 lemica
425 2259 461 2330 cf.
475 2258 544 2315 Iuno.
560 2259 598 2328 fr.
612 2251 654 2335 6],
674 2258 710 2315 ab
730 2257 786 2316 diis
805 2258 909 2318 inferis
923 2260 1104 2320 Februarius

87 2344 265 2420 appellatae,
290 2344 370 2420 quod
392 2348 456 2403 tum
475 2346 522 2405 his
546 2348 727 2420 parentetur.

149 2444 250 2497 'Varro
268 2443 301 2497 de
324 2445 342 2498 l.
362 2444 396 2496 L.
416 2449 441 2510 6,
456 2448 490 2497 34
519 2459 548 2498 ad
566 2460 607 2498 hos
627 2477 660 2484 -
678 2463 812 2507 parentetur.
846 2448 881 2513 cf.
906 2448 994 2501 Varro
1017 2448 1104 2514 infra.

157 2536 174 2583 4
193 2534 341 2600 parentur:
360 2550 408 2587 em.
427 2550 468 2602 op.

444 2827 741 2914 'IUVENTIUS

417 3030 466 3082 EX
484 3030 644 3084 INCERTA
662 3030 808 3084 FABULA

376 3176 478 3259 [SRP
494 3183 538 3239 II
549 3185 594 3240 96
612 3183 640 3241 V
658 3174 812 3261 Rtooecel]

153 3287 343 3363 scruppidam
365 3289 580 3347 --Iuventius
604 3290 733 3348 comicus
758 3289 876 3348 dicebat
898 3308 916 3347 n
939 3292 1105 3352 vermiculo

85 3375 191 3451 piloso,
215 3378 268 3451 qui
290 3377 367 3436 solet
389 3395 451 3436 esse
475 3377 507 3434 in
530 3377 640 3435 fronde
658 3396 725 3436 cum
747 3378 851 3437 multis
875 3379 1008 3454 pedibus.

163 3477 249 3530 Varro
273 3475 306 3528 de
324 3476 340 3529 l.
361 3477 394 3528 L.
416 3480 445 3542 7,
461 3481 496 3530 65
518 3487 661 3538 scruppluuni
683 3476 813 3529 Aurelius
837 3478 884 3548 [fr.
904 3478 963 3549 15];
986 3492 1107 3535 Iuvenum

84 3576 121 3586 —
134 3561 238 3611 peneus,
261 3545 388 3600 Valerius
406 3547 453 3617 [fr.
467 3548 507 3618 2].
540 3548 574 3614 cf.
594 3548 664 3602 Awr.
687 3547 736 3616 Op.
756 3549 773 3601 l.
788 3565 809 3602 c.
