2422 3840
352 108 394 161 Da
412 107 486 160 ludia
504 107 662 161 litterarum
681 107 710 160 ot
728 107 871 176 magistris
1059 107 1107 161 XI]

107 279 320 353 Polyhistor
348 277 455 350 neat,
489 295 576 351 quem
603 274 712 334 Lucius
737 275 821 333 Sulla
849 276 970 335 civitate
999 277 1120 337 donavit

109 362 152 446 [a.
177 360 327 447 673s81}
373 365 450 424 Suet.
474 366 509 423 dc
529 383 652 439 panem.
677 367 721 423 20
745 362 776 422 O.
799 364 896 424 iulius
919 365 1059 442 Hyginus
1078 398 1122 407 -

110 456 241 514 studiose
270 458 300 514 et
328 453 425 513 audiit
452 459 482 512 et
508 455 645 512 imitatus
670 456 716 512 est
738 452 943 514 Cornelium
966 454 1121 513 Alexan-

109 545 207 604 drum
231 545 459 622 grammaticum
483 541 643 616 Graecum,
672 561 761 617 quem
784 547 907 619 propter
929 545 1122 619 antiquitatis

108 633 248 693 notitiam
270 631 490 709 Polyhistorem
512 633 612 705 multi,
636 631 758 706 quidam
777 629 944 691 Historiam
967 633 1121 692 vocabant.

108 732 191 784 wana
210 716 264 769 late
281 715 363 768 cerba
380 712 484 768 Snidac
508 712 554 767 ἐπὶ
572 711 639 765 celte
661 713 829 767 mentienda
847 716 915 780 sint,
938 731 971 768 ea
988 731 1031 768 res
1049 715 1124 769 docet

108 787 181 856 qnod
199 785 357 839 Aleaander
376 785 521 855 prinani
540 785 662 838 institnit
680 785 723 852 (cf.
740 785 845 854 prin.
866 791 922 839 test.
937 789 975 855 2).
1005 787 1123 840 eiusdem

106 859 138 911 in
162 858 317 927 maprsterio
342 855 416 925 ἀκμὴ
440 858 475 910 ab
499 872 573 909 anno
597 856 704 909 circiter
728 860 780 909 084
785 858 838 925 770
859 859 947 910 staini
965 864 1066 925 potest,
1092 858 1124 909 in

107 931 257 998 apitatione
281 930 435 982 litterarum
454 929 597 994 aliquanto
613 927 747 994 posterior
769 928 812 993 (cf.
839 928 941 997 Unpcr,
960 929 1059 982 Philet.
1079 932 1123 994 47,

108 1003 163 1054 177
169 1002 225 1069 aa).
267 1001 399 1067 reliquias
424 999 466 1053 od.
491 1016 535 1067 ap.
561 999 692 1063 Mueller,
717 997 814 1052 ΓΗΘ
832 1003 858 1064 3,
871 1003 971 1067 206sq.
1009 1006 1124 1054 ceternan

106 1071 141 1138 cf.
157 1069 302 1136 Schwartz)
316 1070 514 1139 Panlp-Wiss.
531 1070 594 1124 RE
608 1075 632 1136 1,
647 1071 733 1139 14497
738 1073 782 1123 88.
811 1071 846 1124 ab
865 1087 895 1124 co
913 1070 1124 1140 distinpnendns

106 1159 160 1196 esse
168 1142 277 1196 videtne
287 1142 446 1196 Alexander
452 1141 652 1209 Peripateticae
663 1140 756 1194 Orassi
764 1144 893 1211 mapister
902 1143 987 1209 (Pint.
1000 1143 1123 1208 Oresa&

106 1215 142 1278 cf.
166 1213 256 1283 Unper
274 1213 476 1281 44418444).

177 1337 226 1391 leoc
243 1343 394 1406 ternpornna
411 1338 501 1404 spatio
520 1353 621 1406 mapna
641 1337 719 1404 apud
733 1335 872 1390 Roranam
891 1338 1053 1392 accensere
1069 1338 1124 1391 dno

106 1409 193 1464 Stoici
207 1409 364 1478 philosophi
381 1409 536 1473 animract,
551 1409 705 1462 Panaetius
721 1408 835 1463 Oratetis
849 1409 1002 1476 discipnins
1015 1411 1125 1476 einsqne

106 1479 220 1533 anditor
237 1480 413 1534 Posidonius.
450 1479 483 1533 de
505 1481 607 1534 circuio
626 1479 763 1549 Scipionis
785 1481 820 1546 cs.
842 1480 895 1534 Oia.
915 1480 948 1534 de
966 1497 1004 1534 or.
1021 1484 1123 1546 2,154.

179 1590 222 1640 13.
242 1585 275 1640 de
293 1585 525 1654 Lampadione
543 1592 572 1639 et
597 1586 799 1655 Varpnnteio
822 1586 857 1652 cf.
877 1586 956 1653 infra
972 1604 1000 1655 p.
1015 1590 1060 1640 21.
1080 1591 1123 1640 50.

176 1704 226 1759 14.
250 1700 328 1760 Snet.
352 1701 387 1760 de
408 1717 532 1775 pramrn.
556 1702 579 1757 2
602 1725 644 1746 =
665 1700 759 1760 Varro
782 1703 821 1775 fr.
845 1703 911 1760 320
939 1701 1049 1759 Lucilii
1076 1719 1124 1760 sa·

106 1793 191 1849 turas
211 1821 253 1830 —
273 1791 380 1866 legisse
404 1808 434 1849 se
459 1789 537 1865 apud
559 1788 776 1848 Archelaum
798 1790 957 1866 Pompeius
980 1790 1124 1868 Lenaeus,

107 1878 188 1955 apud
215 1878 460 1938 Philocomum
483 1878 621 1938 Valerius
645 1877 719 1937 Cato
744 1877 925 1954 praedicant.
968 1880 1000 1934 de
1024 1880 1123 1934 Arche·

108 1961 153 2015 iao
171 1959 206 2026 cf.
222 1976 251 2028 p.
272 1964 352 2028 idsq.
389 1960 422 2014 de
441 1960 598 2013 Philocomo
610 1977 641 2029 p.
662 1963 705 2013 51.

178 2075 227 2133 15.
249 2075 307 2134 Oic.
322 2075 408 2133 Brnt.
419 2077 486 2135 207
499 2106 536 2115 -
552 2076 685 2147 interfui,
700 2093 767 2133 cum
782 2093 875 2134 essem
889 2074 969 2150 apud
983 2075 1125 2133 Aelium

108 2163 282 2222 adulescens
305 2182 432 2238 eumque
451 2163 553 2222 audire
572 2162 757 2239 perstudiose
776 2164 908 2223 solerem.
949 2165 981 2219 de
1004 2165 1126 2219 Varrone

107 2245 188 2369 114754·ιὲ
207 2243 322 2299 Stilonis
349 2245 485 2312 discipnlo
513 2245 556 2298 ed.
582 2246 668 2299 Varro
696 2251 752 2299 test.
772 2249 796 2297 4.
839 2245 872 2299 de
895 2245 974 2299 Aelio
1001 2246 1126 2299 nniverse

104 2333 134 2384 p.
199 2332 236 2384 sq.

179 2433 229 2488 16.
261 2429 339 2489 Snet.
372 2431 407 2489 de
436 2448 561 2504 pramrn.
587 2432 608 2488 3
632 2455 673 2476 =
699 2431 794 2489 Varro
830 2433 868 2504 fr.
898 2432 963 2490 320
1001 2430 1125 2505 posthac

110 2512 192 2597 [post
213 2519 251 2578 L.
270 2515 401 2594 Aeliam]
430 2519 527 2595 magis
551 2537 586 2578 44
609 2521 704 2594 magis
729 2522 759 2578 et
782 2521 881 2596 gratia
904 2521 934 2578 et
957 2537 1029 2578 cura
1053 2520 1126 2578 artis

110 2601 347 2687 [prammaticae]
376 2610 516 2682 increvit,
544 2611 578 2666 ut
604 2627 643 2666 ne
665 2608 823 2667 clarissimi
846 2608 966 2683 quidem
994 2608 1052 2666 viri
1076 2607 1126 2666 ab·

117 2698 272 2755 etinuerint
296 2716 354 2772 quo
378 2698 477 2754 minus
501 2699 531 2754 et
554 2698 614 2771 ipsi
638 2696 754 2772 aliquid
777 2697 813 2756 de
832 2716 867 2755 ea
885 2697 1056 2769 scriberent,
1078 2699 1125 2755 ut·
1165 2693 1168 2696 ’

123 2802 169 2859 pue
192 2786 378 2860 temporibus
403 2784 581 2860 quibusdam
606 2803 694 2861 super
716 2786 826 2863 viginti
854 2786 983 2845 celebres
1007 2785 1125 2845 scholae
1154 2801 1165 2840 s

130 2875 203 2933 uisse
221 2876 253 2932 iu
276 2875 349 2932 urbe
367 2875 534 2947 tradantur,
551 2876 651 2948 pretia
670 2894 739 2934 vero
758 2875 1022 2952 grammaticorum
1040 2877 1126 2932 tanta
1201 2873 1204 2878 ’

136 2963 319 3038 4444444444
346 2967 410 3022 tam
434 2981 574 3040 magnae,
603 2967 637 3022 ut
660 2967 775 3022 constet
797 2963 984 3022 Lutatium
1007 2963 1127 3039 Daph·

141 3051 242 3128 idem,
266 3071 354 3127 quem
373 3051 501 3110 Laevius
520 3051 656 3111 Melissus
679 3071 733 3127 per
755 3052 978 3112 cavillationem
998 3052 1127 3111 nominis

148 3139 215 3212 ινὸς
247 3137 389 3219 ἀγάπημα
421 3141 506 3212 dicit,
540 3143 736 3218 septingentis
770 3141 890 3201 milibus
922 3161 1076 3199 nummum
1108 3159 1126 3199 a

171 3228 278 3288 Catulo
302 3233 434 3305 emptum
458 3248 493 3287 ao
515 3230 599 3288 brevi
622 3231 848 3306 manumissum,
876 3230 909 3288 L.
933 3230 1127 3306 Apuleium
1142 3247 1167 3285 1o

170 3318 282 3377 Aeficio
304 3317 427 3378 Calvino
452 3320 553 3392 equite
573 3319 706 3378 Romano
725 3320 890 3394 praedivite
915 3319 1127 3395 quadringenis

167 3407 220 3466 ruis
253 3408 432 3466 conductum
463 3412 498 3464 ut
532 3426 597 3466 osce
629 3408 756 3466 doceret.
810 3410 886 3466 Ptin.
910 3427 939 3466 n.
962 3410 987 3465 h.
1014 3409 1129 3474 7,128

172 3496 246 3554 tium
277 3497 406 3555 hominis
438 3496 470 3553 in
504 3497 625 3556 servitio
659 3497 754 3575 geniti
784 3499 963 3558 maximum
992 3496 1039 3554 au
1061 3495 1155 3550 uano
