2422 3840
145 164 208 228 130
326 162 531 217 Grammatioee
551 163 798 216 anteverronienae
817 161 978 232 fragmenta

138 332 225 390 deum
242 332 342 390 munio
356 331 548 406 postilionem
566 333 727 408 postulare,
745 331 776 389 id
791 333 837 390 est
850 331 946 389 civem
961 331 1164 390 somissimum

113 441 126 480 5
142 441 175 480 eo
195 422 328 479 dimitu-
352 424 418 478 tum
437 420 585 496 quendem
605 419 743 479 Curtium
761 420 859 479 virum
877 421 988 478 fortem
1012 423 1165 480 armatum

141 510 307 583 ascendisse
330 511 363 566 in
387 529 497 584 equum
520 513 550 568 et
574 529 592 567 a
611 507 774 568 Concordia
796 527 916 568 versum
939 527 1008 567 oum
1032 528 1113 585 equo
1132 529 1165 569 eo

138 602 378 675 praecipitatum.
425 617 459 657 eo
486 599 567 656 sueto
595 599 694 658 loeum
722 601 814 657 ooisse
842 599 933 672 atque
961 600 1026 657 eius
1057 616 1164 675 eorpus

139 689 285 748 divinitus
315 688 452 747 humasse
477 706 511 746 ao
533 687 690 762 reliquisse
719 688 802 765 genti
824 706 894 745 suae
922 690 1163 746 monumentum.

215 787 304 841 Varro
323 787 387 839 del.
403 788 437 840 L.
453 790 553 852 5‚148
576 800 600 839 in
618 800 668 840 roro
687 817 720 825 —
740 803 833 851 consue,
872 788 901 839 et
929 786 964 838 de
994 801 1028 839 eo
1057 787 1162 856 triceps

136 856 255 911 hisuoria
275 889 308 896 -
329 883 342 910 e
366 871 463 911 Procilio
482 887 516 896 -
534 875 709 911 monumentum.
754 857 820 912 Piso
854 857 901 928 [fr
923 858 961 926 1].
1015 856 1162 912 Cornelius

138 928 271 1000 [Epicad.
290 931 326 995 fr.
342 929 371 1000 3]
391 930 419 981 et
437 928 567 981 Lutatius
587 929 690 999 [Catul.
709 929 744 994 fr.
760 929 797 999 4].

543 1071 544 1074 ‘
597 1081 619 1137 2
644 1072 692 1156 [3]

206 1204 341 1261 intumus
361 1205 455 1260 eirous
475 1202 513 1260 ad
531 1202 658 1261 Muroim
677 1206 810 1277 vocatur,
833 1205 868 1260 ut
883 1201 1033 1261 Procilius
1053 1202 1161 1276 aiebat,

140 1292 177 1350 ab
201 1295 306 1367 urceis,
330 1292 458 1367 quodie
481 1292 564 1351 loeus
588 1295 666 1350 esset
687 1294 766 1351 inber
788 1291 903 1369 figulos.

218 1391 306 1444 Varro
320 1391 353 1443 de
367 1391 385 1443 l.
400 1391 435 1444 L.
450 1394 477 1455 5,
492 1393 545 1444 154
558 1404 651 1444 numus
665 1420 698 1429 -—
712 1404 799 1453 figulos.
823 1387 874 1441 elii
888 1388 954 1459 [ino.
965 1391 1021 1444 ine.
1032 1390 1097 1445 uer.
1109 1391 1161 1462 11].

270 1644 334 1715 EX
361 1645 415 1715 IN
418 1644 575 1716 CERTA
602 1645 656 1715 IN
659 1645 801 1717 CERTI
828 1593 1029 1716 FABULA

144 1862 145 1865 =
205 1825 421 1901 religentem
445 1843 520 1883 esse
544 1827 702 1902 oportet,
725 1825 937 1902 religiosum
960 1825 1075 1886 nefus.

212 1924 279 1978 Gen.
299 1929 326 1988 4,
340 1928 396 1990 9,1
416 1950 449 1968 =
468 1925 536 1993 Niy.
557 1923 620 1994 Fiy.
639 1924 675 1991 fr.
691 1928 716 1979 4.
