2422 3840
415 206 564 261 Volcacius
584 205 727 276 Sedigitas

104 395 185 435 eum
208 394 283 434 meo
305 375 442 434 iudicio
466 393 622 434 errorem
644 375 842 435 dissolvam
864 374 946 452 tibi,

103 468 145 524 ut
170 468 295 524 contra
318 465 349 523 si
372 467 452 540 quis
476 466 613 523 sentiat
636 465 729 521 nihil
753 464 898 523 sentiat.

105 553 271 613 Caecilio
293 554 448 630 palmam
473 553 591 612 Statio
615 552 656 611 do
680 554 835 628 mimico,

104 643 260 703 Plautus
284 642 459 702 secundus
483 642 594 701 facile
618 644 813 718 exsuperat
836 645 991 717 ceteros3

106 732 190 791 dein
212 732 386 806 Naevius,
409 733 471 807 qui
493 731 623 803 fervet,
646 731 766 806 pretio
789 731 825 789 in
848 731 1014 805 tertiost3

106 821 137 881 si
160 820 231 879 erit
255 818 347 896 quod
370 822 500 896 quarto
524 821 636 894 detur,
661 820 808 879 dabitur
830 820 987 894 Licinio,

105 912 190 986 post
212 909 356 984 insequi
379 909 560 968 Licinium
583 910 679 968 facio
702 909 874 983 Atilium3

105 1001 144 1057 iu
167 1000 268 1058 sexto
292 1002 534 1074 consequetur
556 997 618 1056 hos
643 998 849 1070 Terentius,
1097 1032 1121 1069 10

106 1088 297 1163 Turpilius
317 1087 522 1162 septimum,
542 1087 680 1145 Trabea
694 1090 862 1145 octavum
881 1088 1036 1163 optinet3

106 1195 201 1236 nono
224 1177 303 1234 loco
327 1194 403 1235 esse
426 1176 537 1234 facile
561 1177 656 1234 facio
680 1176 860 1250 Luscium,

105 1266 283 1325 decimum
306 1264 395 1323 addo
419 1283 526 1324 causa
550 1266 790 1341 antiquitatis
813 1265 975 1323 Ennium.

136 1372 205 1428 Geli.
222 1378 264 1441 15,
278 1375 315 1425 24
335 1370 477 1441 Sedigitus
503 1372 533 1425 in
558 1371 644 1438 libro,
673 1389 755 1439 quem
781 1373 894 1440 scripsit
920 1373 956 1426 de
980 1373 1082 1441 poetis,

58 1443 131 1511 quid
151 1443 187 1497 de
205 1443 250 1496 his
268 1443 381 1508 sentiat,
401 1444 449 1511 qui
468 1443 627 1498 comoedias
646 1442 780 1511 fecerunt,
800 1446 829 1497 et
847 1459 931 1510 quem
945 1461 978 1498 ex
993 1444 1082 1498 omui-

57 1514 113 1568 bus
133 1517 278 1584 praestare
297 1515 396 1568 ceteris
415 1516 497 1582 putet
516 1531 549 1568 ac
568 1514 712 1582 deinceps,
736 1532 790 1582 quo
814 1531 953 1582 quemque
971 1516 1002 1568 in
1020 1515 1081 1569 loco

60 1589 90 1640 et
108 1587 215 1640 honora
234 1587 329 1655 ponat,
348 1585 392 1639 his
411 1584 536 1639 versibus
554 1586 611 1639 suis
627 1587 813 1639 demonstrat:
832 1602 914 1640 multos
928 1618 962 1627 -
976 1602 1082 1641 annium.

136 1682 151 1728 1
170 1675 299 1728 videmus
316 1692 358 1744 op.
427 1681 444 1728 4
463 1674 504 1727 nil
523 1691 564 1745 op.
628 1681 643 1728 5
663 1675 803 1729 dominico
818 1677 910 1729 Paris.
927 1677 1000 1730 Voss.
1015 1675 1080 1729 Lat.

60 1747 117 1800 Fr
133 1745 170 1800 do
185 1746 322 1800 cominico
338 1747 409 1800 Voss.
425 1746 489 1800 Lot.
505 1747 535 1800 F
544 1750 597 1800 112
616 1746 651 1799 do
667 1747 772 1799 comico
786 1749 856 1801 rell:
876 1765 923 1800 eor.
939 1749 961 1800 I
964 1748 1080 1802 Grecos.

59 1819 196 1872 deerret:
211 1835 259 1870 em.
275 1818 334 1871 edd.
348 1824 408 1872 vett.
424 1818 515 1870 servet
524 1817 654 1885 pretium,
664 1818 779 1870 tertiust
789 1818 902 1872 Bitschl.
959 1818 1082 1871 9licium

60 1889 202 1958 Mapliob.
214 1889 312 1958 Rspice.
323 1892 377 1942 597
446 1893 479 1940 10
490 1888 681 1955 consequitur:
697 1906 744 1942 em.
756 1891 886 1943 Pithoeus
951 1895 982 1942 13
994 1891 1081 1956 antiq.

57 1976 160 2014 causa:
180 1967 284 2029 troasp.
303 1976 345 2029 op.

516 2140 556 2194 μ
580 2130 629 2215 [a]

128 2260 208 2319 Suet.
227 2263 275 2319 uit.
296 2262 359 2319 Ter.
380 2286 422 2308 =
443 2262 539 2320 Varro
561 2264 600 2334 fr.
616 2264 685 2319 301
726 2260 884 2320 Volcacius
904 2265 1004 2320 autem
1022 2281 1082 2320 non

57 2351 159 2410 solum
179 2351 295 2409 Naevio
314 2353 344 2409 et
361 2348 472 2409 Plauto
495 2354 525 2409 st
545 2348 683 2424 Caecilio,
708 2351 760 2409 sed
778 2349 894 2410 Licinio
916 2369 1033 2426 quoque
1053 2354 1082 2410 et

57 2439 159 2498 Atilio
182 2440 336 2514 postponit
359 2432 564 2517 [Torcellum]

525 2638 547 2694 2
570 2629 619 2714 [r]

131 2761 293 2817 sumetur
314 2759 456 2834 Hecyra
479 2761 580 2818 sexta
603 2759 710 2818 exilis
733 2759 858 2816 fabula

135 2857 208 2912 διιεῖ.
227 2858 274 2910 eit.
297 2856 355 2911 Ter.
370 2884 404 2902 =
425 2859 513 2913 Varro
531 2858 567 2923 fr.
583 2859 621 2911 id.
654 2857 804 2912 Volcacius
823 2859 852 2910 in
872 2857 1081 2912 enumeratione

62 2928 188 2985 omnium
208 2928 251 2981 ita
269 2951 315 2982 —2
338 2946 437 2983 eumerus
451 2960 485 2968 ·-
499 2943 586 2984 fasma.
615 2931 680 2983 odo.
701 2931 759 2984 erit.
779 2930 813 2995 cf.
834 2931 872 2984 ad
892 2931 971 2985 Varr.
991 2932 1008 2984 l.
1023 2947 1045 2984 c.

527 3136 547 3191 e
571 3127 620 3211 [2]

108 3257 171 3316 sed
194 3258 234 3316 ut
256 3256 343 3315 Afer
364 3256 498 3332 populo
522 3275 580 3315 sex
604 3256 705 3316 dedit
729 3258 947 3329 comoedias,

107 3349 179 3406 iter
202 3345 285 3405 hinc
308 3347 344 3404 in
366 3345 490 3404 Asiam
512 3346 617 3405 fecit:
636 3349 676 3404 ut
699 3365 824 3404 navem
848 3347 956 3404 semel

108 3433 333 3508 conscendit,
351 3434 451 3494 visus
469 3453 658 3510 numquam
673 3438 743 3494 est:
763 3437 816 3496 sie
832 3437 1048 3494 uitauacat.

134 3533 208 3588 Suet.
227 3534 272 3587 eit.
293 3533 350 3586 sea
375 3558 410 3576 =
436 3532 522 3590 Varro
546 3535 583 3605 fr.
605 3536 645 3594 id.
673 3538 712 3594 de
737 3541 835 3596 moute
863 3538 930 3593 eius
953 3531 1125 3608 llorcuttid

62 3603 205 3655 Volcacius
219 3603 262 3654 sic
279 3603 378 3657 tradit:
396 3619 436 3660 sed
452 3626 479 3663 ut
493 3639 529 3650 —
546 3631 622 3670 vacas.
662 3616 734 3673 uda.
758 3618 825 3674 cro.
847 3614 887 3683 cf.
904 3610 948 3668 od
962 3603 1098 3666 Vesci.
1111 3617 1138 3652 s·

867 3708 903 3764 Q*
