2422 3840
350 235 352 240 ,
411 184 448 238 Μ.
470 185 617 238 Terentius
636 185 725 239 Varro
844 217 845 220 =
1010 185 1076 250 287

58 357 132 415 tuno
161 356 240 413 sicut
266 371 334 411 cum
357 356 403 412 est
425 353 611 412 semivocalis
635 357 689 412 aut
715 357 812 428 muta,
841 353 992 414 observari
1017 353 1079 412 diri
1092 373 1119 411 so

58 445 204 520 oportere,
222 445 267 501 ita
285 442 317 500 in
335 442 382 501 his
397 441 485 500 debet
503 441 577 516 fien',
595 444 630 499 ut
645 448 691 502 est
711 437 738 501 ‘e
752 444 899 506 Vaticano
915 437 1077 503 aludaea’.

58 533 105 594 sin
128 530 306 591 vocabulum
334 530 407 591 duas
435 531 553 591 vocales
580 533 731 606 proximas
759 552 818 591 non
845 531 983 590 habuerit
1010 549 1076 590 oon·

57 623 186 694 iunctas,
215 640 341 696 quarum
364 621 404 679 sit
427 620 530 678 littera
556 622 695 696 princeps
717 641 738 679 u
761 626 816 679 ant
838 622 858 694 i,
885 620 1009 696 proinde
1031 624 1077 679 at·

60 729 118 786 qne
142 729 160 768 ιι
182 730 199 768 6
224 729 240 768 ο
264 709 313 782 sit,
339 708 556 770 observandum
578 709 660 785 quod
682 709 783 785 potius
807 711 866 768 dici
888 712 1006 785 oportet
1031 704 1077 767 ‘ex

57 793 180 875 Irpinis’
205 818 296 874 quam
320 792 347 856 ‘e
368 791 502 874 hpinis',
534 793 581 856 ‘ex
603 793 741 858 Umbria'
765 817 857 875 quam
880 793 908 856 ‘e
931 793 1076 859 Umbria'.
1092 817 1117 856 sa

59 888 198 950 similiter
220 888 252 946 in
274 888 295 944 h
318 887 421 970 littera
443 887 594 946 observari
616 887 712 960 debet,
734 890 769 946 ut
791 889 823 946 in
847 907 865 946 a
885 907 936 947 60
959 887 1077 963 littorio,

57 997 96 1036 ne
119 977 251 1036 dicamus
276 971 304 1034 ‘e
326 970 491 1051 Hymetto',
520 976 570 1034 sed
594 969 641 1035 ‘ex
664 971 829 1051 Hymetto’.
871 976 1010 1036 similiter
1033 980 1078 1035 est

58 1066 90 1124 in
108 1066 155 1125 ab.
192 1060 253 1142 <6>
271 1065 450 1140 quibusdam
473 1064 712 1144 diligentioribus
736 1066 869 1124 levitatis
889 1083 980 1123 causa
1001 1067 1078 1124 solet

59 1153 139 1212 demi
161 1154 190 1227 b,
220 1173 289 1213 cum
311 1155 516 1230 praepositum
539 1149 626 1231 (est)
650 1155 804 1214 vocabulis
827 1156 881 1213 ant
908 1154 1077 1217 nominibus

58 1243 199 1302 locorum.
243 1245 275 1301 in
307 1243 416 1318 quibus
448 1245 598 1318 principes
630 1246 701 1302 sunt
731 1244 851 1302 litterae
884 1243 1076 1302 semivocales
1091 1262 1118 1302 oo

59 1335 112 1393 aut
148 1335 264 1405 mutae,
300 1351 367 1390 eam
403 1331 576 1406 repudiant,
612 1335 647 1390 ut
683 1327 718 1390 ‘a
749 1332 832 1391 Baiis
870 1351 888 1391 a
921 1331 1023 1407 Capua
1059 1351 1077 1390 a

57 1415 212 1481 Dertona'.
260 1423 364 1480 contra
393 1439 453 1478 nou
482 1421 613 1479 demitur
640 1421 672 1495 b,
702 1439 770 1480 cum
792 1423 824 1478 in
847 1421 999 1480 vocabulis
1022 1424 1077 1480 aut

59 1509 232 1569 nominibus
247 1515 293 1569 est
307 1512 540 1584 primumaeo,
559 1513 593 1568 ut
608 1504 657 1567 ‘ab
670 1509 771 1569 Aricia
786 1509 823 1568 ab
838 1511 948 1568 Elia*
970 1529 988 1568 a
1007 1506 1076 1573 μ’,

59 1601 105 1660 sin
133 1602 235 1661 naut
262 1600 285 1672 i,
319 1599 470 1674 duplicem
499 1598 611 1657 habent
639 1601 795 1658 rationem.
843 1599 869 1658 si
899 1601 977 1656 cuim
1007 1601 1077 1657 sunt

59 1688 150 1761 solae,
174 1687 314 1746 dicuntur
331 1690 367 1746 ut
389 1689 524 1762 reliquae
547 1688 675 1761 vocales,
699 1682 748 1746 ‘ab
767 1687 857 1746 Utica
875 1687 913 1746 ab
931 1677 1076 1762 Illyrico'3
1090 1707 1116 1748 aa

59 1777 106 1836 sin
138 1779 288 1852 proximas
321 1777 439 1835 litteras
471 1776 589 1835 vocales
621 1795 720 1835 secum
751 1777 863 1836 habent
895 1779 1075 1851 coniunctas,

57 1866 184 1941 proinde
213 1865 431 1924 observandum
454 1870 507 1938 est,
534 1884 568 1923 ec
592 1865 653 1925 sint
676 1867 867 1928 semivocales
891 1868 944 1924 aut
966 1868 1076 1940 mutae,

59 1949 89 2012 ‘a
112 1954 244 2013 Venusia
268 1974 286 2012 a
308 1949 464 2013 Ianiculo'.
507 1954 581 2012 item
603 1950 684 2031 (ad)
708 1959 738 2013 et
761 1955 841 2029 apud
863 1955 962 2013 locum
985 1954 1075 2032 signi·

57 2042 163 2118 licant,
193 2046 228 2101 ut
253 2039 370 2102 ‘accede
393 2043 431 2101 ad
454 2037 512 2101 me’
542 2039 607 2118 ‘qni
631 2044 711 2101 domi
734 2043 798 2102 nati
823 2043 901 2119 apud
924 2063 971 2102 me
994 2038 1074 2102 sunt'

59 2127 152 2208 ‘apud
181 2132 273 2194 illum⁴
299 2128 368 2192 est'.
414 2132 450 2189 de
483 2152 601 2208 quoque
633 2151 888 2208 nonnumquam
920 2151 1075 2207 perperam
1089 2153 1117 2192 ro

57 2223 183 2298 ponitur
209 2241 264 2296 pro
288 2241 323 2280 ex
346 2225 376 2279 et
397 2240 457 2280 non
481 2240 645 2296 numquam
668 2240 721 2297 pro
746 2240 772 2296 a,
800 2224 836 2279 ut
858 2241 925 2280 cum
949 2221 984 2279 (16
1007 2240 1075 2296 pro-

58 2311 158 2369 vincia
176 2312 277 2369 venire
298 2311 365 2386 quis
384 2328 414 2368 se
435 2309 520 2383 dicit3
544 2329 614 2368 nam
636 2329 792 2386 perperam
812 2314 864 2368 est.
900 2309 978 2368 imus
997 2309 1076 2368 enim

57 2400 89 2456 in
118 2399 316 2474 provinciam,
345 2402 382 2457 ut
408 2401 439 2457 in
463 2419 570 2458 navem
594 2402 624 2458 et
651 2400 682 2456 in
706 2401 833 2474 circum3
863 2399 975 2457 eximus
1001 2401 1075 2456 ute

58 2505 135 2547 nave
159 2507 174 2544 e
199 2488 285 2560 circo,
314 2487 355 2546 sic
379 2509 394 2547 e
417 2490 580 2563 provincia.
626 2488 662 2546 de
685 2490 840 2563 provincie
863 2488 1075 2561 existimamur,

59 2593 128 2635 oum
152 2576 188 2634 de
212 2595 247 2635 ea
269 2577 344 2635 bene
366 2580 419 2635 aut
441 2578 520 2635 male
542 2577 762 2653 praedicamus3
785 2577 821 2635 (16
839 2595 916 2635 nave
939 2577 1074 2651 dicimus,
1087 2597 1115 2637 (ι

58 2682 125 2723 cum
144 2667 235 2742 longe
259 2685 298 2724 an
317 2666 452 2725 oneraria
476 2668 516 2723 sit
533 2685 683 2743 rogamus,
713 2665 749 2724 de
768 2668 855 2738 circo,
879 2683 944 2723 cum
964 2666 1075 2724 Flami·

57 2756 126 2812 nius
150 2773 189 2812 an
215 2754 369 2813 maximus.
415 2755 488 2813 item
515 2755 622 2814 vitiose
651 2755 761 2812 dicitur
791 2749 940 2814 ‘senatum
966 2754 1074 2812 babere

58 2843 139 2918 apud
168 2843 270 2901 aedem
292 2838 465 2919 Apollinis',
496 2844 575 2919 quod
607 2838 650 2901 ‘in
678 2837 762 2902 aedc'
791 2843 850 2902 dici
873 2846 998 2918 oportet.
1045 2846 1075 2902 et

60 2926 108 2990 ‘de
131 2935 251 3000 senatus
275 2927 433 2991 sententia'
464 2932 587 3005 vitiose3
617 2951 688 2990 nam
711 2932 819 2991 debent
846 2932 943 2992 dicere
965 2935 1000 2990 ut
1029 2927 1075 2990 ‘ex

57 3040 126 3080 mea
147 3017 319 3095 sententia',
343 3015 390 3078 ‘ex
413 3024 467 3079 tua
489 3017 659 3094 sententia',
683 3022 725 3079 sic
746 3016 793 3079 ‘ex
816 3024 936 3080 senatus
959 3024 1073 3079 senten·
1089 3041 1116 3080 so

57 3103 122 3168 tia'.
167 3110 239 3168 item
269 3110 321 3185 qui
349 3111 452 3167 dicunt
480 3104 527 3168 ‘de
555 3113 661 3168 senatu
690 3104 778 3168 redii'
805 3112 905 3185 potius
934 3128 1024 3184 quam
1047 3104 1074 3168 ‘e

58 3193 186 3272 senatu’,
218 3199 299 3273 quod
329 3218 363 3256 eo
394 3218 461 3257 cum
489 3199 613 3273 inimus,
646 3198 770 3258 dicimus
797 3194 880 3276 (in),
912 3200 980 3257 inde
1008 3218 1074 3257 cum

58 3287 198 3360 redimus,
216 3283 301 3365 (ex).
341 3283 509 3346 ‘exsenatu
524 3282 645 3346 eiectus’
664 3290 869 3363 potiusquam
885 3281 933 3344 ‘de
948 3283 1074 3346 senatu'.

58 3377 137 3434 male
153 3378 320 3452 ⁴imperant
352 3378 405 3452 qui
435 3376 541 3435 dieunt
573 3377 608 3435 de
641 3376 753 3436 tabulis
786 3377 858 3452 quid
891 3375 1003 3449 dicerc3
1038 3375 1073 3434 de

57 3465 171 3524 tabulis
194 3465 274 3523 enim
296 3467 323 3523 is
346 3465 428 3539 dicit,
453 3468 505 3540 qui
528 3485 577 3525 eas
600 3465 939 3540 1661616111,661661*Ἰ
962 3483 982 3519 s
999 3461 1095 3517 snou-
1108 3475 1145 3510 ss

55 3553 95 3611 lis
110 3557 139 3611 is
156 3554 235 3625 dicit,
260 3556 312 3628 qui
336 3556 415 3630 qnod
439 3559 487 3618 est
505 3557 539 3618 in
556 3559 608 3621 his
628 3560 787 3637 scriptum
805 3553 930 3615 recum
948 3548 1124 3618 scriptum·
