2422 3840
437 171 473 226 M.
492 171 639 259 Terentius
657 171 746 227 Varro
927 157 929 162 ¹
1032 171 1096 236 339

84 403 91 416 ι
153 334 236 416 Parii.
261 333 336 388 Feci.
355 349 385 416 p.
401 337 445 399 43,
465 338 501 387 10
522 345 588 415 cuno
606 365 639 416 -·
650 346 746 388 uram.
787 333 842 387 Vel.
858 332 947 404 Lonp.
957 350 988 402 p.
1004 336 1048 416 it,
1063 337 1098 388 13

81 409 151 459 rtem
166 405 253 457 alium
268 421 329 458 esee
343 403 472 470 cilonem,
491 403 578 457 ahum
594 403 735 458 chilonem
754 403 929 476 [coluerumt],
949 407 978 458 et
992 402 1097 458 cilones

80 475 176 530 vocari
198 474 325 530 homines
350 475 464 545 angusti
482 475 586 544 capitia
605 479 634 530 et
652 475 743 545 longi,
767 475 892 529 chilones
911 492 976 529 vero
994 475 1097 545 impro-

82 547 208 601 bioribua
234 546 322 600 labris
347 547 474 601 homines
501 565 518 600 a
543 545 648 601 Graeco
676 545 755 614 παρὰ
777 546 812 601 τὰ
835 544 919 618 χείλη,
957 548 991 614 cs.
1011 564 1098 616 supra

80 620 117 687 fr.
131 623 231 687 280sq.
265 619 318 672 Vel.
339 620 426 689 Loap.
447 637 492 687 ap.
509 619 630 674 Ooeeiod.
650 619 717 673 ortt.
731 636 763 687 p.
778 622 841 685 155,
856 623 900 674 12.
933 619 1025 672 codem
1042 619 1098 685 scre

82 690 170 744 tradit
189 690 432 758 Obor.p.102,1.
468 690 557 757 Caper
574 691 641 745 ortt.
657 694 805 759 p.97,17.
841 689 925 745 OGL
941 692 1056 745 V1211.

540 841 634 899 *354

149 948 187 1008 ab
205 949 310 1008 fisdem
336 942 524 1027 [Quiritibus]
545 949 596 1024 qui
616 947 712 1007 altero
730 949 842 1007 lumino
861 947 926 1007 orbi
944 966 1098 1007 nasceren-

81 1041 132 1097 tur
146 1036 274 1096 Coclites
288 1036 482 1112 vocabantur,
497 1039 549 1112 qui
563 1039 665 1114 parvis
681 1038 815 1113 utrisque
830 1036 958 1112 Ocellae,
977 1038 1099 1097 Luscini

81 1127 209 1186 iniuriae
232 1145 395 1205 cognomen
418 1126 594 1186 habuerunt.

155 1226 230 1279 Plin.
249 1243 277 1279 rt.
296 1227 322 1278 ll.
344 1231 385 1291 11,
401 1229 455 1280 150
473 1241 501 1279 ab
516 1257 542 1264 -
555 1240 688 1280 habuerunt.
721 1226 810 1280 Varro
829 1226 855 1279 d.
875 1227 892 1279 l.
913 1227 947 1280 L.
968 1230 993 1292 7,
1008 1230 1043 1280 71
1063 1225 1098 1279 ab

82 1296 163 1352 oculo
174 1296 271 1351 Cocles
285 1300 317 1349 ut
331 1297 415 1362 colea,
430 1296 522 1350 dictus
535 1297 584 1364 qui
598 1315 685 1350 unum
699 1297 817 1350 haberet
831 1297 951 1353 oculum.
975 1298 1010 1363 cf.
1022 1298 1097 1352 Plut.

83 1370 161 1438 Popl.
178 1374 220 1423 16.
256 1370 342 1423 Dion.
363 1369 401 1423 H.
422 1374 447 1435 5,
461 1373 505 1424 23.
539 1369 571 1422 de
591 1368 747 1423 ‘Lucceio'
768 1370 802 1436 cs.
821 1371 858 1437 fr.
873 1372 936 1424 219.

540 1520 636 1578 *355

150 1628 327 1704 cognomina
355 1627 446 1684 etiam
468 1627 566 1702 prima
593 1626 675 1685 inde:
705 1621 807 1704 [358]
854 1626 914 1684 iam
937 1626 1097 1684 Fabiorum

83 1715 278 1774 Lentulorum
302 1714 491 1788 Ciceronum,
516 1717 701 1790 utquisque
726 1714 847 1790 aliquod
871 1717 982 1791 optime
1006 1733 1098 1793 genus

83 1807 200 1863 sereret.

155 1904 230 1957 Plio.
245 1921 273 1957 a.
287 1905 313 1956 h.
330 1908 422 1969 18,1()
440 1918 574 1966 cognomina
587 1934 613 1942 -
627 1920 714 1957 carcret.
746 1905 795 1957 boc
812 1904 858 1970 fit,
873 1908 936 1968 350,
946 1906 1002 1956 358
1021 1902 1098 1971 apud

83 1975 209 2029 Plinium
227 1977 299 2028 iuter
316 1993 343 2028 se
357 1976 504 2043 excipiunt.
524 1976 605 2029 aliter
618 1976 651 2028 dc
667 1975 776 2029 ‘Fabii'
793 1976 874 2028 Paul.
889 1975 964 2029 uest.
975 1991 1005 2042 p.
1015 1978 1061 2039 87,
1072 1978 1097 2027 7.

83 2045 300 2173 ffifflssffif'
322 2047 375 2101 Cio·
395 2047 433 2101 od
452 2048 508 2100 Aa.
525 2051 647 2112 1,19,2.
672 2045 704 2100 de
724 2046 838 2100 ‘Cicero'
864 2047 1029 2112 Dramatic,
1050 2047 1098 2100 Ge.

204 2159 213 2184 ,
286 2161 290 2170 .

155 2230 168 2276 1
189 2224 384 2278 Lentinorum:
404 2242 452 2278 em.
473 2225 619 2279 Barbarus

555 2375 622 2432 356

156 2473 236 2527 Olor.
246 2491 277 2542 p.
292 2477 365 2540 82,7
384 2479 427 2542 (=
444 2474 518 2527 Plio.
538 2474 602 2526 dub.
620 2491 698 2535 serm.
714 2491 743 2542 p.
761 2479 806 2540 47,
819 2479 856 2529 24
867 2475 913 2544 Β.)
929 2500 961 2518 =
976 2475 1012 2541 fr.
1022 2473 1099 2528 280(ι

539 2624 635 2682 *357

149 2731 181 2789 in
204 2733 286 2795 nullo
311 2751 416 2808 genere
440 2750 534 2806 aeque
558 2731 655 2790 facilis
679 2732 809 2789 mixtura
833 2750 899 2790 cum
922 2733 995 2807 fero,
1026 2746 1097 2806 qua-

82 2821 152 2879 liter
179 2823 265 2879 natos
294 2821 412 2896 antiqui
439 2819 581 2895 hybridas
609 2821 757 2881 uocabant
785 2840 837 2879 ceu
861 2821 1029 2895 semiferos,
1060 2821 1099 2879 ad

82 2910 217 2968 homines
248 2929 365 2986 quoque
392 2912 428 2968 ut
456 2908 486 2967 O.
510 2909 675 2969 Antonium
700 2909 849 2969 Ciceronis
879 2912 911 2967 in
942 2911 1098 2970 consulatu

82 2999 229 3076 collegam
253 2999 453 3076 appellatione
476 3000 595 3057 tralata.

154 3099 229 3153 Pli‘n.
243 3115 271 3150 lt·
286 3099 311 3151 b.
327 3103 355 3164 8,
368 3101 423 3152 213
436 3113 461 3152 in
474 3113 668 3152 nullo-tralata.
688 3098 747 3151 Vol.
760 3099 840 3152 Max.
852 3103 879 3164 8,
890 3102 942 3164 6,4
962 3098 993 3163 Q.
1004 3101 1099 3150 aulem
1149 3147 1151 3152 ⁴

82 3169 184 3223 Varius
207 3172 322 3238 propter
345 3169 492 3222 obscurum
517 3168 560 3222 ius
585 3169 707 3222 civitatis
731 3168 860 3237 Hybrida
885 3169 1098 3239 cognominatus

82 3243 117 3308 cf.
135 3241 253 3295 Maiam
271 3242 337 3298 ibid.
356 3258 381 3308 p.
398 3246 461 3296 265.

555 3373 621 3430 358

152 3482 330 3558 cognomina
344 3481 433 3539 etiam
448 3482 547 3556 prima
560 3480 643 3539 inde:
661 3479 811 3556 Pilumni,
828 3475 1122 3554 autunumu'xetr'x-

80 3573 127 3627 nis
147 3571 309 3644 invenerat,
332 3570 452 3632 Pisonis
478 3593 495 3632 a
520 3571 660 3650 pisendo.

872 3662 932 3720 aa*
