<?xml version="1.0" encoding="UTF-8"?>
<!DOCTYPE html PUBLIC "-//W3C//DTD XHTML 1.0 Transitional//EN"
    "http://www.w3.org/TR/xhtml1/DTD/xhtml1-transitional.dtd">
<html xmlns="http://www.w3.org/1999/xhtml" xml:lang="en" lang="en">
 <head>
  <title>
</title>
<meta http-equiv="Content-Type" content="text/html;charset=utf-8" />
  <meta name='ocr-system' content='tesseract 3.04.00' />
  <meta name='ocr-capabilities' content='ocr_page ocr_carea ocr_par ocr_line ocrx_word'/>
</head>
<body>
  <div class='ocr_page' id='page_1' title='image "./grammaticaeroma01funagoog_0505.png"; bbox 0 0 2422 3840; ppageno 0'>
   <div class='ocr_carea' id='block_1_1' title="bbox 118 180 967 252">
    <p class='ocr_par' dir='ltr' id='par_1_1' title="bbox 118 180 967 252">
     <span class='ocr_line' id='line_1_1' title="bbox 118 180 967 252; baseline -0.005 -14"><span class='ocrx_word' id='word_1_1' title='bbox 118 180 185 246; x_wconf 76' lang='grc'>470</span> <span class='ocrx_word' id='word_1_2' title='bbox 283 181 490 236; x_wconf 82' lang='lat' dir='ltr'>Grammaticae</span> <span class='ocrx_word' id='word_1_3' title='bbox 508 181 611 235; x_wconf 86' lang='lat' dir='ltr'>aetatis</span> <span class='ocrx_word' id='word_1_4' title='bbox 629 182 790 252; x_wconf 70' lang='lat' dir='ltr'>Augusteae</span> <span class='ocrx_word' id='word_1_5' title='bbox 808 182 967 251; x_wconf 83' lang='lat' dir='ltr'>fragmenta</span> 
     </span>
    </p>
   </div>
   <div class='ocr_carea' id='block_1_2' title="bbox 119 341 1134 554">
    <p class='ocr_par' dir='ltr' id='par_1_2' title="bbox 119 341 1134 554">
     <span class='ocr_line' id='line_1_2' title="bbox 125 341 1134 412; baseline -0.001 -15"><span class='ocrx_word' id='word_1_6' title='bbox 125 343 213 398; x_wconf 69' lang='lat' dir='ltr'>Varro</span> <span class='ocrx_word' id='word_1_7' title='bbox 231 342 264 396; x_wconf 85' lang='lat' dir='ltr'>de</span> <span class='ocrx_word' id='word_1_8' title='bbox 281 343 299 397; x_wconf 85' lang='lat' dir='ltr'>l.</span> <span class='ocrx_word' id='word_1_9' title='bbox 318 342 353 396; x_wconf 87' lang='lat' dir='ltr'>L.</span> <span class='ocrx_word' id='word_1_10' title='bbox 373 345 398 408; x_wconf 86' lang='lat'>5,</span> <span class='ocrx_word' id='word_1_11' title='bbox 414 346 468 396; x_wconf 82' lang='lat'>102</span> <span class='ocrx_word' id='word_1_12' title='bbox 486 359 543 394; x_wconf 78' lang='lat' dir='ltr'>nux</span> <span class='ocrx_word' id='word_1_13' title='bbox 561 342 685 412; x_wconf 76' lang='lat' dir='ltr'>lugiens,</span> <span class='ocrx_word' id='word_1_14' title='bbox 710 342 784 410; x_wconf 93' lang='lat' dir='ltr'>quod</span> <span class='ocrx_word' id='word_1_15' title='bbox 803 359 866 395; x_wconf 91' lang='lat' dir='ltr'>cum</span> <span class='ocrx_word' id='word_1_16' title='bbox 889 341 959 394; x_wconf 88' lang='lat' dir='ltr'>haec</span> <span class='ocrx_word' id='word_1_17' title='bbox 977 359 1035 394; x_wconf 87' lang='lat' dir='ltr'>nux</span> <span class='ocrx_word' id='word_1_18' title='bbox 1054 344 1134 396; x_wconf 84' lang='lat' dir='ltr'>ante·</span> 
     </span>
     <span class='ocr_line' id='line_1_3' title="bbox 120 412 1134 483; baseline 0 -17"><span class='ocrx_word' id='word_1_19' title='bbox 120 429 205 481; x_wconf 87' lang='lat' dir='ltr'>quam</span> <span class='ocrx_word' id='word_1_20' title='bbox 224 414 370 483; x_wconf 77' lang='lat' dir='ltr'>purgatur,</span> <span class='ocrx_word' id='word_1_21' title='bbox 390 412 490 466; x_wconf 82' lang='lat' dir='ltr'>similis</span> <span class='ocrx_word' id='word_1_22' title='bbox 510 412 631 482; x_wconf 81' lang='lat' dir='ltr'>glandis,</span> <span class='ocrx_word' id='word_1_23' title='bbox 650 415 720 468; x_wconf 84' lang='lat' dir='ltr'>haec</span> <span class='ocrx_word' id='word_1_24' title='bbox 738 413 819 483; x_wconf 83' lang='lat' dir='ltr'>glans</span> <span class='ocrx_word' id='word_1_25' title='bbox 838 412 945 480; x_wconf 84' lang='lat' dir='ltr'>optima</span> <span class='ocrx_word' id='word_1_26' title='bbox 963 414 992 466; x_wconf 86' lang='lat' dir='ltr'>et</span> <span class='ocrx_word' id='word_1_27' title='bbox 1010 414 1134 466; x_wconf 86' lang='lat' dir='ltr'>maxima</span> 
     </span>
     <span class='ocr_line' id='line_1_4' title="bbox 119 483 1131 554; baseline 0.001 -18"><span class='ocrx_word' id='word_1_28' title='bbox 119 484 214 538; x_wconf 82' lang='lat' dir='ltr'>alors</span> <span class='ocrx_word' id='word_1_29' title='bbox 229 486 258 538; x_wconf 87' lang='lat' dir='ltr'>et</span> <span class='ocrx_word' id='word_1_30' title='bbox 272 484 376 554; x_wconf 86' lang='lat' dir='ltr'>glande</span> <span class='ocrx_word' id='word_1_31' title='bbox 394 483 506 553; x_wconf 83' lang='lat' dir='ltr'>iuglans</span> <span class='ocrx_word' id='word_1_32' title='bbox 521 487 564 538; x_wconf 89' lang='lat' dir='ltr'>est</span> <span class='ocrx_word' id='word_1_33' title='bbox 579 485 730 554; x_wconf 84' lang='lat' dir='ltr'>appellata.</span> <span class='ocrx_word' id='word_1_34' title='bbox 763 486 797 552; x_wconf 81' lang='lat' dir='ltr'>es.</span> <span class='ocrx_word' id='word_1_35' title='bbox 813 485 993 554; x_wconf 76' lang='lat' dir='ltr'>Hypsicratea</span> <span class='ocrx_word' id='word_1_36' title='bbox 1006 485 1045 538; x_wconf 84' lang='lat' dir='ltr'>ad</span> <span class='ocrx_word' id='word_1_37' title='bbox 1058 485 1094 551; x_wconf 79' lang='lat' dir='ltr'>fr.</span> <span class='ocrx_word' id='word_1_38' title='bbox 1105 490 1131 540; x_wconf 78' lang='lat'>2.</span> 
     </span>
    </p>
   </div>
   <div class='ocr_carea' id='block_1_3' title="bbox 118 590 1134 732">
    <p class='ocr_par' dir='ltr' id='par_1_3' title="bbox 118 590 1134 732">
     <span class='ocr_line' id='line_1_5' title="bbox 190 590 1134 661; baseline 0.001 -17"><span class='ocrx_word' id='word_1_39' title='bbox 190 598 203 644; x_wconf 90' lang='lat'>1</span> <span class='ocrx_word' id='word_1_40' title='bbox 231 591 370 661; x_wconf 83' lang='lat' dir='ltr'>iugulana.</span> <span class='ocrx_word' id='word_1_41' title='bbox 401 590 438 644; x_wconf 92' lang='lat' dir='ltr'>di.</span> <span class='ocrx_word' id='word_1_42' title='bbox 465 590 556 646; x_wconf 66' lang='lat' dir='ltr'>Parra.</span> <span class='ocrx_word' id='word_1_43' title='bbox 585 591 716 660; x_wconf 78' lang='lat' dir='ltr'>iugulans</span> <span class='ocrx_word' id='word_1_44' title='bbox 745 592 903 660; x_wconf 79' lang='lat' dir='ltr'>(posteriorc</span> <span class='ocrx_word' id='word_1_45' title='bbox 930 608 949 643; x_wconf 95' lang='lat' dir='ltr'>u</span> <span class='ocrx_word' id='word_1_46' title='bbox 975 590 1068 660; x_wconf 84' lang='lat' dir='ltr'>deleto)</span> <span class='ocrx_word' id='word_1_47' title='bbox 1098 591 1134 646; x_wconf 89' lang='lat' dir='ltr'>da</span> 
     </span>
     <span class='ocr_line' id='line_1_6' title="bbox 118 661 432 732; baseline -0.01 -15"><span class='ocrx_word' id='word_1_48' title='bbox 118 663 216 717; x_wconf 84' lang='lat' dir='ltr'>Bamb.</span> <span class='ocrx_word' id='word_1_49' title='bbox 290 661 432 732; x_wconf 79' lang='lat' dir='ltr'>diiuglans</span> 
     </span>
    </p>
   </div>
   <div class='ocr_carea' id='block_1_4' title="bbox 367 856 883 912">
    <p class='ocr_par' dir='ltr' id='par_1_4' title="bbox 367 856 883 912">
     <span class='ocr_line' id='line_1_7' title="bbox 367 856 883 912; baseline 0.002 -2"><span class='ocrx_word' id='word_1_50' title='bbox 367 856 635 911; x_wconf 83' lang='lat' dir='ltr'><strong>ORDINATORUM</strong></span> <span class='ocrx_word' id='word_1_51' title='bbox 657 856 883 912; x_wconf 77' lang='lat' dir='ltr'>GRAECORUM</span> 
     </span>
    </p>
   </div>
   <div class='ocr_carea' id='block_1_5' title="bbox 117 983 1136 1765">
    <p class='ocr_par' dir='ltr' id='par_1_5' title="bbox 117 983 1136 1765">
     <span class='ocr_line' id='line_1_8' title="bbox 188 983 1134 1050; baseline 0.001 -14"><span class='ocrx_word' id='word_1_52' title='bbox 188 984 237 1038; x_wconf 81' lang='lat' dir='ltr'>hos</span> <span class='ocrx_word' id='word_1_53' title='bbox 254 984 338 1037; x_wconf 79' lang='lat' dir='ltr'>libros</span> <span class='ocrx_word' id='word_1_54' title='bbox 351 1000 370 1036; x_wconf 88' lang='lat' dir='ltr'>c</span> <span class='ocrx_word' id='word_1_55' title='bbox 383 983 569 1050; x_wconf 80' lang='lat' dir='ltr'>superioribas</span> <span class='ocrx_word' id='word_1_56' title='bbox 587 983 777 1037; x_wconf 75' lang='lat' dir='ltr'>discernendos</span> <span class='ocrx_word' id='word_1_57' title='bbox 795 1000 849 1038; x_wconf 79' lang='lat' dir='ltr'>esce</span> <span class='ocrx_word' id='word_1_58' title='bbox 866 983 945 1037; x_wconf 79' lang='lat' dir='ltr'>leodic</span> <span class='ocrx_word' id='word_1_59' title='bbox 962 984 1020 1035; x_wconf 85' lang='lat' dir='ltr'>iam</span> <span class='ocrx_word' id='word_1_60' title='bbox 1034 999 1134 1049; x_wconf 80' lang='lat' dir='ltr'>amaea,</span> 
     </span>
     <span class='ocr_line' id='line_1_9' title="bbox 118 1053 1134 1123; baseline 0.001 -16"><span class='ocrx_word' id='word_1_61' title='bbox 118 1053 298 1122; x_wconf 71' lang='lat' dir='ltr'>quodecim,</span> <span class='ocrx_word' id='word_1_62' title='bbox 316 1056 503 1120; x_wconf 74' lang='lat' dir='ltr'>conseatiwat3</span> <span class='ocrx_word' id='word_1_63' title='bbox 517 1070 574 1108; x_wconf 80' lang='lat' dir='ltr'>eoa</span> <span class='ocrx_word' id='word_1_64' title='bbox 587 1055 675 1108; x_wconf 81' lang='lat' dir='ltr'>solam</span> <span class='ocrx_word' id='word_1_65' title='bbox 690 1057 762 1108; x_wconf 83' lang='lat' dir='ltr'>caim</span> <span class='ocrx_word' id='word_1_66' title='bbox 776 1056 919 1123; x_wconf 55' lang='lat' dir='ltr'>incursatio</span> <span class='ocrx_word' id='word_1_67' title='bbox 932 1071 993 1108; x_wconf 83' lang='lat' dir='ltr'>voce</span> <span class='ocrx_word' id='word_1_68' title='bbox 1009 1054 1134 1108; x_wconf 78' lang='lat' dir='ltr'>‘ordico-</span> 
     </span>
     <span class='ocr_line' id='line_1_10' title="bbox 118 1125 1135 1196; baseline 0.002 -18"><span class='ocrx_word' id='word_1_69' title='bbox 118 1126 228 1191; x_wconf 83' lang='lat' dir='ltr'>torcm’,</span> <span class='ocrx_word' id='word_1_70' title='bbox 252 1142 342 1194; x_wconf 80' lang='lat' dir='ltr'>qaam·</span> <span class='ocrx_word' id='word_1_71' title='bbox 354 1125 461 1179; x_wconf 77' lang='lat' dir='ltr'>Gellius</span> <span class='ocrx_word' id='word_1_72' title='bbox 477 1141 565 1194; x_wconf 62' lang='lat' dir='ltr'>ariera</span> <span class='ocrx_word' id='word_1_73' title='bbox 582 1127 701 1196; x_wconf 70' lang='lat' dir='ltr'>icaorat,</span> <span class='ocrx_word' id='word_1_74' title='bbox 724 1132 879 1180; x_wconf 74' lang='lat' dir='ltr'><strong><em>constanter</em></strong></span> <span class='ocrx_word' id='word_1_75' title='bbox 889 1126 1005 1179; x_wconf 79' lang='lat' dir='ltr'>diversa</span> <span class='ocrx_word' id='word_1_76' title='bbox 1022 1132 1070 1190; x_wconf 81' lang='lat' dir='ltr'>est,</span> <span class='ocrx_word' id='word_1_77' title='bbox 1087 1127 1135 1180; x_wconf 86' lang='lat' dir='ltr'>sed</span> 
     </span>
     <span class='ocr_line' id='line_1_11' title="bbox 118 1197 1136 1265; baseline 0.002 -15"><span class='ocrx_word' id='word_1_78' title='bbox 118 1197 250 1263; x_wconf 77' lang='lat' dir='ltr'>differunt</span> <span class='ocrx_word' id='word_1_79' title='bbox 268 1199 350 1251; x_wconf 80' lang='lat' dir='ltr'>etiam</span> <span class='ocrx_word' id='word_1_80' title='bbox 367 1198 392 1250; x_wconf 81' lang='lat' dir='ltr'>a·</span> <span class='ocrx_word' id='word_1_81' title='bbox 408 1202 514 1250; x_wconf 84' lang='lat' dir='ltr'>actara</span> <span class='ocrx_word' id='word_1_82' title='bbox 528 1214 627 1250; x_wconf 73' lang='lat' dir='ltr'>raam.</span> <span class='ocrx_word' id='word_1_83' title='bbox 660 1197 732 1265; x_wconf 76' lang='lat' dir='ltr'>qaod</span> <span class='ocrx_word' id='word_1_84' title='bbox 749 1199 821 1250; x_wconf 81' lang='lat' dir='ltr'>caim</span> <span class='ocrx_word' id='word_1_85' title='bbox 840 1215 872 1250; x_wconf 83' lang='lat' dir='ltr'>ca</span> <span class='ocrx_word' id='word_1_86' title='bbox 886 1198 987 1264; x_wconf 75' lang='lat' dir='ltr'>paucis</span> <span class='ocrx_word' id='word_1_87' title='bbox 1004 1197 1136 1263; x_wconf 67' lang='lat' dir='ltr'>frustatae</span> 
     </span>
     <span class='ocr_line' id='line_1_12' title="bbox 117 1266 1135 1338; baseline 0 -16"><span class='ocrx_word' id='word_1_88' title='bbox 117 1269 246 1334; x_wconf 78' lang='lat' dir='ltr'>uidemus,</span> <span class='ocrx_word' id='word_1_89' title='bbox 265 1270 296 1322; x_wconf 82' lang='lat' dir='ltr'>ia</span> <span class='ocrx_word' id='word_1_90' title='bbox 309 1269 358 1322; x_wconf 79' lang='lat' dir='ltr'>hoc</span> <span class='ocrx_word' id='word_1_91' title='bbox 374 1266 476 1321; x_wconf 74' lang='lat' dir='ltr'>cecata</span> <span class='ocrx_word' id='word_1_92' title='bbox 491 1284 568 1338; x_wconf 73' lang='lat' dir='ltr'>opere</span> <span class='ocrx_word' id='word_1_93' title='bbox 581 1270 695 1322; x_wconf 74' lang='lat' dir='ltr'>aomina</span> <span class='ocrx_word' id='word_1_94' title='bbox 708 1271 850 1322; x_wconf 79' lang='lat' dir='ltr'>curiarum</span> <span class='ocrx_word' id='word_1_95' title='bbox 866 1284 964 1334; x_wconf 80' lang='lat' dir='ltr'>reram,</span> <span class='ocrx_word' id='word_1_96' title='bbox 982 1269 1135 1322; x_wconf 72' lang='lat' dir='ltr'>sometime</span> 
     </span>
     <span class='ocr_line' id='line_1_13' title="bbox 118 1339 1136 1410; baseline 0.002 -18"><span class='ocrx_word' id='word_1_97' title='bbox 118 1341 149 1392; x_wconf 81' lang='lat' dir='ltr'>ia</span> <span class='ocrx_word' id='word_1_98' title='bbox 163 1340 180 1392; x_wconf 85' lang='lat' dir='ltr'>l.</span> <span class='ocrx_word' id='word_1_99' title='bbox 195 1340 238 1406; x_wconf 87' lang='lat'>11,</span> <span class='ocrx_word' id='word_1_100' title='bbox 256 1339 396 1406; x_wconf 72' lang='lat' dir='ltr'>fracticum</span> <span class='ocrx_word' id='word_1_101' title='bbox 410 1340 442 1392; x_wconf 83' lang='lat' dir='ltr'>ia</span> <span class='ocrx_word' id='word_1_102' title='bbox 455 1340 477 1391; x_wconf 93' lang='lat' dir='ltr'><strong><em>I</em></strong></span> <span class='ocrx_word' id='word_1_103' title='bbox 479 1340 509 1406; x_wconf 89' lang='lat' dir='ltr'>V,</span> <span class='ocrx_word' id='word_1_104' title='bbox 528 1340 638 1394; x_wconf 85' lang='lat' dir='ltr'>collecta</span> <span class='ocrx_word' id='word_1_105' title='bbox 651 1346 675 1393; x_wconf 86' lang='lat' dir='ltr'>et</span> <span class='ocrx_word' id='word_1_106' title='bbox 693 1341 847 1394; x_wconf 77' lang='lat' dir='ltr'>litterarum</span> <span class='ocrx_word' id='word_1_107' title='bbox 864 1340 1003 1394; x_wconf 75' lang='lat' dir='ltr'>ordinaire</span> <span class='ocrx_word' id='word_1_108' title='bbox 1016 1341 1136 1410; x_wconf 62' lang='lat' dir='ltr'>anaides</span> 
     </span>
     <span class='ocr_line' id='line_1_14' title="bbox 118 1411 1136 1481; baseline 0.001 -16"><span class='ocrx_word' id='word_1_109' title='bbox 118 1412 255 1479; x_wconf 73' lang='lat' dir='ltr'>capitalius</span> <span class='ocrx_word' id='word_1_110' title='bbox 277 1411 412 1477; x_wconf 79' lang='lat' dir='ltr'>disposita</span> <span class='ocrx_word' id='word_1_111' title='bbox 430 1417 517 1464; x_wconf 74' lang='lat' dir='ltr'>aaut.</span> <span class='ocrx_word' id='word_1_112' title='bbox 554 1411 586 1464; x_wconf 86' lang='lat' dir='ltr'>de</span> <span class='ocrx_word' id='word_1_113' title='bbox 605 1428 660 1480; x_wconf 76' lang='lat' dir='ltr'>qao</span> <span class='ocrx_word' id='word_1_114' title='bbox 677 1413 917 1481; x_wconf 73' lang='lat' dir='ltr'>yrammaticoram</span> <span class='ocrx_word' id='word_1_115' title='bbox 940 1412 1136 1466; x_wconf 74' lang='lat' dir='ltr'>cousuetudine</span> 
     </span>
     <span class='ocr_line' id='line_1_15' title="bbox 119 1481 1136 1551; baseline 0 -15"><span class='ocrx_word' id='word_1_116' title='bbox 119 1483 195 1550; x_wconf 76' lang='lat' dir='ltr'>apud</span> <span class='ocrx_word' id='word_1_117' title='bbox 216 1481 334 1536; x_wconf 82' lang='lat' dir='ltr'>G-rcccos</span> <span class='ocrx_word' id='word_1_118' title='bbox 357 1488 382 1536; x_wconf 86' lang='lat' dir='ltr'>et</span> <span class='ocrx_word' id='word_1_119' title='bbox 400 1482 541 1536; x_wconf 67' lang='lat' dir='ltr'>Romame</span> <span class='ocrx_word' id='word_1_120' title='bbox 562 1482 605 1535; x_wconf 83' lang='lat' dir='ltr'>ed.</span> <span class='ocrx_word' id='word_1_121' title='bbox 625 1483 647 1535; x_wconf 92' lang='lat' dir='ltr'><strong><em>I</em></strong></span> <span class='ocrx_word' id='word_1_122' title='bbox 648 1481 857 1547; x_wconf 76' lang='lat' dir='ltr'>Scheeaemaaa,</span> <span class='ocrx_word' id='word_1_123' title='bbox 880 1483 912 1536; x_wconf 83' lang='lat' dir='ltr'>dc</span> <span class='ocrx_word' id='word_1_124' title='bbox 935 1483 1136 1551; x_wconf 72' lang='lat' dir='ltr'>lexicoyrapleis</span> 
     </span>
     <span class='ocr_line' id='line_1_16' title="bbox 119 1553 1133 1622; baseline 0.001 -16"><span class='ocrx_word' id='word_1_125' title='bbox 119 1555 242 1622; x_wconf 72' lang='lat' dir='ltr'>caticais</span> <span class='ocrx_word' id='word_1_126' title='bbox 256 1554 397 1621; x_wconf 83' lang='lat' dir='ltr'>(Haaaec.</span> <span class='ocrx_word' id='word_1_127' title='bbox 409 1556 494 1621; x_wconf 83' lang='lat'>1886)</span> <span class='ocrx_word' id='word_1_128' title='bbox 509 1571 538 1620; x_wconf 80' lang='lat' dir='ltr'>p.</span> <span class='ocrx_word' id='word_1_129' title='bbox 549 1557 626 1622; x_wconf 64' lang='lat' dir='ltr'>disq.</span> <span class='ocrx_word' id='word_1_130' title='bbox 646 1570 706 1607; x_wconf 87' lang='lat' dir='ltr'>cam</span> <span class='ocrx_word' id='word_1_131' title='bbox 721 1555 904 1622; x_wconf 74' lang='lat' dir='ltr'><em>appellatione</em></span> <span class='ocrx_word' id='word_1_132' title='bbox 919 1553 1133 1607; x_wconf 77' lang='lat' dir='ltr'>‘ordinatorum&#39;</span> 
     </span>
     <span class='ocr_line' id='line_1_17' title="bbox 117 1623 1135 1693; baseline -0.001 -14"><span class='ocrx_word' id='word_1_133' title='bbox 117 1626 273 1679; x_wconf 75' lang='lat' dir='ltr'>contrariae</span> <span class='ocrx_word' id='word_1_134' title='bbox 295 1623 474 1689; x_wconf 76' lang='lat' dir='ltr'>conserendae</span> <span class='ocrx_word' id='word_1_135' title='bbox 498 1631 576 1690; x_wconf 78' lang='lat' dir='ltr'>aaut,</span> <span class='ocrx_word' id='word_1_136' title='bbox 601 1631 633 1679; x_wconf 85' lang='lat' dir='ltr'>ct</span> <span class='ocrx_word' id='word_1_137' title='bbox 656 1626 786 1690; x_wconf 75' lang='lat' dir='ltr'>confusae</span> <span class='ocrx_word' id='word_1_138' title='bbox 808 1625 988 1693; x_wconf 76' lang='lat' dir='ltr'>quaestiones,</span> <span class='ocrx_word' id='word_1_139' title='bbox 1017 1623 1135 1692; x_wconf 75' lang='grc' dir='ltr'><strong><em>ἄτακτα,</em></strong></span> 
     </span>
     <span class='ocr_line' id='line_1_18' title="bbox 119 1696 1134 1765; baseline 0.002 -17"><span class='ocrx_word' id='word_1_140' title='bbox 119 1703 238 1765; x_wconf 74' lang='grc' dir='ltr'>συμμιγῆ</span> <span class='ocrx_word' id='word_1_141' title='bbox 259 1696 294 1748; x_wconf 84' lang='lat' dir='ltr'>al.</span> <span class='ocrx_word' id='word_1_142' title='bbox 314 1697 347 1749; x_wconf 85' lang='lat' dir='ltr'>de</span> <span class='ocrx_word' id='word_1_143' title='bbox 364 1712 425 1749; x_wconf 87' lang='lat' dir='ltr'>occe</span> <span class='ocrx_word' id='word_1_144' title='bbox 446 1696 635 1751; x_wconf 78' lang='lat' dir='ltr'>‘Graecorum&#39;</span> <span class='ocrx_word' id='word_1_145' title='bbox 655 1698 690 1762; x_wconf 81' lang='lat' dir='ltr'>cf.</span> <span class='ocrx_word' id='word_1_146' title='bbox 710 1696 912 1751; x_wconf 81' lang='lat' dir='ltr'>Schoeaemaare</span> <span class='ocrx_word' id='word_1_147' title='bbox 925 1712 956 1764; x_wconf 76' lang='lat' dir='ltr'>p.</span> <span class='ocrx_word' id='word_1_148' title='bbox 972 1699 1007 1749; x_wconf 74' lang='lat'>54</span> <span class='ocrx_word' id='word_1_149' title='bbox 1026 1697 1092 1750; x_wconf 85' lang='lat' dir='ltr'>ada.</span> <span class='ocrx_word' id='word_1_150' title='bbox 1108 1701 1134 1750; x_wconf 83' lang='lat'>9.</span> 
     </span>
    </p>
   </div>
   <div class='ocr_carea' id='block_1_6' title="bbox 120 1804 1136 2084">
    <p class='ocr_par' dir='ltr' id='par_1_6' title="bbox 120 1804 1136 2084">
     <span class='ocr_line' id='line_1_19' title="bbox 579 1813 657 1870; baseline 0.013 -1"><span class='ocrx_word' id='word_1_151' title='bbox 579 1813 598 1869; x_wconf 86' lang='lat'><em>6</em></span> <span class='ocrx_word' id='word_1_152' title='bbox 635 1813 657 1870; x_wconf 83' lang='lat'><strong><em>2</em></strong></span> 
     </span>
     <span class='ocr_line' id='line_1_20' title="bbox 185 1804 1135 1994; baseline 0.003 -20"><span class='ocrx_word' id='word_1_153' title='bbox 185 1917 300 1975; x_wconf 76' lang='lat' dir='ltr'>lilaII.</span> <span class='ocrx_word' id='word_1_154' title='bbox 346 1915 429 1975; x_wconf 83' lang='lat' dir='ltr'>Deli</span> <span class='ocrx_word' id='word_1_155' title='bbox 462 1936 523 1976; x_wconf 86' lang='lat' dir='ltr'>ara</span> <span class='ocrx_word' id='word_1_156' title='bbox 558 1804 828 1994; x_wconf 69' lang='lat' dir='ltr'>est[eipollinis</span> <span class='ocrx_word' id='word_1_157' title='bbox 860 1913 1061 1994; x_wconf 80' lang='grc' dir='ltr'><strong><em>Γενέτορος,</em></strong></span> <span class='ocrx_word' id='word_1_158' title='bbox 1098 1919 1135 1977; x_wconf 88' lang='lat' dir='ltr'>in</span> 
     </span>
     <span class='ocr_line' id='line_1_21' title="bbox 120 2005 1136 2084; baseline 0.003 -22"><span class='ocrx_word' id='word_1_159' title='bbox 120 2023 187 2081; x_wconf 90' lang='lat' dir='ltr'>qua</span> <span class='ocrx_word' id='word_1_160' title='bbox 201 2006 341 2064; x_wconf 89' lang='lat' dir='ltr'>nullum</span> <span class='ocrx_word' id='word_1_161' title='bbox 360 2005 496 2064; x_wconf 89' lang='lat' dir='ltr'>animal</span> <span class='ocrx_word' id='word_1_162' title='bbox 510 2008 754 2075; x_wconf 78' lang='lat' dir='ltr'>sacrificatur,</span> <span class='ocrx_word' id='word_1_163' title='bbox 775 2025 878 2082; x_wconf 89' lang='lat' dir='ltr'>quam</span> <span class='ocrx_word' id='word_1_164' title='bbox 892 2005 1136 2084; x_wconf 83' lang='lat' dir='ltr'>Pythagoram</span> 
     </span>
    </p>
   </div>
   <div class='ocr_carea' id='block_1_7' title="bbox 118 2095 881 2171">
    <p class='ocr_par' dir='ltr' id='par_1_7' title="bbox 118 2095 881 2171">
     <span class='ocr_line' id='line_1_22' title="bbox 118 2095 881 2171; baseline 0 -18"><span class='ocrx_word' id='word_1_165' title='bbox 118 2095 221 2153; x_wconf 83' lang='lat' dir='ltr'>velut</span> <span class='ocrx_word' id='word_1_166' title='bbox 242 2095 461 2153; x_wconf 87' lang='lat' dir='ltr'>inviolatam</span> <span class='ocrx_word' id='word_1_167' title='bbox 485 2095 694 2155; x_wconf 78' lang='lat' dir='ltr'>adoravisse</span> <span class='ocrx_word' id='word_1_168' title='bbox 717 2096 881 2171; x_wconf 90' lang='lat' dir='ltr'>produnt.</span> 
     </span>
    </p>
   </div>
   <div class='ocr_carea' id='block_1_8' title="bbox 118 2193 1135 2545">
    <p class='ocr_par' dir='ltr' id='par_1_8' title="bbox 118 2193 1135 2545">
     <span class='ocr_line' id='line_1_23' title="bbox 192 2193 1134 2259; baseline -0.001 -11"><span class='ocrx_word' id='word_1_169' title='bbox 192 2195 316 2248; x_wconf 85' lang='lat' dir='ltr'>Mcorob.</span> <span class='ocrx_word' id='word_1_170' title='bbox 332 2196 357 2258; x_wconf 88' lang='lat'>3,</span> <span class='ocrx_word' id='word_1_171' title='bbox 373 2197 431 2259; x_wconf 80' lang='lat'>6,2</span> <span class='ocrx_word' id='word_1_172' title='bbox 457 2195 567 2246; x_wconf 90' lang='lat' dir='ltr'>constat</span> <span class='ocrx_word' id='word_1_173' title='bbox 593 2194 680 2259; x_wconf 78' lang='lat' dir='ltr'>enim,</span> <span class='ocrx_word' id='word_1_174' title='bbox 707 2194 779 2247; x_wconf 89' lang='lat' dir='ltr'>sicut</span> <span class='ocrx_word' id='word_1_175' title='bbox 803 2193 927 2247; x_wconf 74' lang='lat' dir='ltr'>Cloatius</span> <span class='ocrx_word' id='word_1_176' title='bbox 945 2194 1035 2248; x_wconf 86' lang='lat' dir='ltr'>Verus</span> <span class='ocrx_word' id='word_1_177' title='bbox 1060 2195 1134 2248; x_wconf 88' lang='lat' dir='ltr'>ordi-</span> 
     </span>
     <span class='ocr_line' id='line_1_24' title="bbox 119 2263 1135 2334; baseline 0.003 -18"><span class='ocrx_word' id='word_1_178' title='bbox 119 2266 250 2317; x_wconf 87' lang='lat' dir='ltr'>natorum</span> <span class='ocrx_word' id='word_1_179' title='bbox 267 2263 339 2318; x_wconf 85' lang='lat' dir='ltr'>libro</span> <span class='ocrx_word' id='word_1_180' title='bbox 360 2264 481 2318; x_wconf 82' lang='lat' dir='ltr'>secundo</span> <span class='ocrx_word' id='word_1_181' title='bbox 502 2265 591 2331; x_wconf 81' lang='lat' dir='ltr'>docet,</span> <span class='ocrx_word' id='word_1_182' title='bbox 611 2265 754 2319; x_wconf 70' lang='lat' dir='ltr'>casalicli</span> <span class='ocrx_word' id='word_1_183' title='bbox 773 2283 862 2331; x_wconf 84' lang='lat' dir='ltr'>aram,</span> <span class='ocrx_word' id='word_1_184' title='bbox 887 2265 963 2333; x_wconf 88' lang='lat' dir='ltr'>apud</span> <span class='ocrx_word' id='word_1_185' title='bbox 981 2282 1065 2334; x_wconf 88' lang='lat' dir='ltr'>quam</span> <span class='ocrx_word' id='word_1_186' title='bbox 1086 2266 1135 2320; x_wconf 93' lang='lat' dir='ltr'>ho-</span> 
     </span>
     <span class='ocr_line' id='line_1_25' title="bbox 120 2335 1135 2405; baseline 0.003 -17"><span class='ocrx_word' id='word_1_187' title='bbox 120 2336 175 2388; x_wconf 86' lang='lat' dir='ltr'>stia</span> <span class='ocrx_word' id='word_1_188' title='bbox 189 2352 244 2389; x_wconf 91' lang='lat' dir='ltr'>non</span> <span class='ocrx_word' id='word_1_189' title='bbox 260 2335 395 2400; x_wconf 79' lang='lat' dir='ltr'>caeditur,</span> <span class='ocrx_word' id='word_1_190' title='bbox 415 2336 465 2389; x_wconf 87' lang='lat' dir='ltr'>sad</span> <span class='ocrx_word' id='word_1_191' title='bbox 483 2337 592 2388; x_wconf 88' lang='lat' dir='ltr'>tantum</span> <span class='ocrx_word' id='word_1_192' title='bbox 614 2335 742 2390; x_wconf 82' lang='lat' dir='ltr'>sollemni</span> <span class='ocrx_word' id='word_1_193' title='bbox 761 2337 845 2389; x_wconf 87' lang='lat' dir='ltr'>deum</span> <span class='ocrx_word' id='word_1_194' title='bbox 860 2352 942 2405; x_wconf 88' lang='lat' dir='ltr'>prece</span> <span class='ocrx_word' id='word_1_195' title='bbox 955 2341 1135 2391; x_wconf 81' lang='lat' dir='ltr'>venerantur.</span> 
     </span>
     <span class='ocr_line' id='line_1_26' title="bbox 118 2405 1134 2480; baseline 0.004 -21"><span class='ocrx_word' id='word_1_196' title='bbox 118 2406 205 2460; x_wconf 86' lang='lat' dir='ltr'>verba</span> <span class='ocrx_word' id='word_1_197' title='bbox 224 2405 326 2460; x_wconf 83' lang='lat' dir='ltr'>Cloatii</span> <span class='ocrx_word' id='word_1_198' title='bbox 350 2406 420 2460; x_wconf 87' lang='lat' dir='ltr'>haec</span> <span class='ocrx_word' id='word_1_199' title='bbox 443 2409 521 2460; x_wconf 84' lang='lat' dir='ltr'>sunt:</span> <span class='ocrx_word' id='word_1_200' title='bbox 544 2421 596 2461; x_wconf 78' lang='lat' dir='ltr'>neri</span> <span class='ocrx_word' id='word_1_201' title='bbox 613 2440 640 2447; x_wconf 91' lang='lat'><em>-</em></span> <span class='ocrx_word' id='word_1_202' title='bbox 657 2422 760 2470; x_wconf 74' lang='lat' dir='ltr'>produnt.</span> <span class='ocrx_word' id='word_1_203' title='bbox 797 2409 832 2473; x_wconf 82' lang='lat' dir='ltr'>cf.</span> <span class='ocrx_word' id='word_1_204' title='bbox 851 2409 965 2462; x_wconf 82' lang='lat' dir='ltr'>Aristot.</span> <span class='ocrx_word' id='word_1_205' title='bbox 984 2425 1029 2476; x_wconf 80' lang='lat' dir='ltr'>ap.</span> <span class='ocrx_word' id='word_1_206' title='bbox 1049 2409 1134 2480; x_wconf 61' lang='grc' dir='ltr'><strong><em>Πίος.</em></strong></span> 
     </span>
     <span class='ocr_line' id='line_1_27' title="bbox 118 2480 316 2545; baseline -0.005 -13"><span class='ocrx_word' id='word_1_207' title='bbox 118 2480 211 2533; x_wconf 78' lang='lat' dir='ltr'>Locri.</span> <span class='ocrx_word' id='word_1_208' title='bbox 232 2482 316 2545; x_wconf 82' lang='grc'><strong><em>8,13.</em></strong></span> 
     </span>
    </p>
   </div>
   <div class='ocr_carea' id='block_1_9' title="bbox 567 2604 682 2690">
    <p class='ocr_par' dir='ltr' id='par_1_9' title="bbox 567 2604 682 2690">
     <span class='ocr_line' id='line_1_28' title="bbox 567 2604 682 2690; baseline -0.009 -21"><span class='ocrx_word' id='word_1_209' title='bbox 567 2613 588 2669; x_wconf 81' lang='lat' dir='ltr'>r</span> <span class='ocrx_word' id='word_1_210' title='bbox 611 2604 682 2690; x_wconf 86' lang='lat'><strong><em>[11]</em></strong></span> 
     </span>
    </p>
   </div>
   <div class='ocr_carea' id='block_1_10' title="bbox 93 2717 1136 3221">
    <p class='ocr_par' dir='ltr' id='par_1_10' title="bbox 93 2717 1136 3221">
     <span class='ocr_line' id='line_1_29' title="bbox 186 2717 1136 2795; baseline 0.003 -21"><span class='ocrx_word' id='word_1_211' title='bbox 186 2717 205 2774; x_wconf 86' lang='lat' dir='ltr'>l.</span> <span class='ocrx_word' id='word_1_212' title='bbox 225 2717 284 2775; x_wconf 86' lang='lat' dir='ltr'>IV.</span> <span class='ocrx_word' id='word_1_213' title='bbox 326 2719 409 2776; x_wconf 90' lang='lat' dir='ltr'>sunt</span> <span class='ocrx_word' id='word_1_214' title='bbox 430 2720 549 2776; x_wconf 87' lang='lat' dir='ltr'>autem</span> <span class='ocrx_word' id='word_1_215' title='bbox 568 2736 698 2795; x_wconf 86' lang='lat' dir='ltr'>genera</span> <span class='ocrx_word' id='word_1_216' title='bbox 719 2719 905 2776; x_wconf 89' lang='lat' dir='ltr'>malorum:</span> <span class='ocrx_word' id='word_1_217' title='bbox 928 2718 1136 2778; x_wconf 87' lang='lat' dir='ltr'>Amerinum</span> 
     </span>
     <span class='ocr_line' id='line_1_30' title="bbox 120 2805 1134 2881; baseline 0.002 -17"><span class='ocrx_word' id='word_1_218' title='bbox 120 2806 302 2865; x_wconf 84' lang='lat' dir='ltr'>cotonium</span> <span class='ocrx_word' id='word_1_219' title='bbox 337 2805 489 2864; x_wconf 84' lang='lat' dir='ltr'>citrcum</span> <span class='ocrx_word' id='word_1_220' title='bbox 526 2807 761 2881; x_wconf 86' lang='lat' dir='ltr'>coccymelum</span> <span class='ocrx_word' id='word_1_221' title='bbox 800 2807 1022 2866; x_wconf 84' lang='lat' dir='ltr'>conditivum</span> <span class='ocrx_word' id='word_1_222' title='bbox 1059 2805 1134 2866; x_wconf 79' lang='grc' dir='ltr'><strong><em>ἔπι-</em></strong></span> 
     </span>
     <span class='ocr_line' id='line_1_31' title="bbox 121 2891 1134 2970; baseline 0.002 -18"><span class='ocrx_word' id='word_1_223' title='bbox 121 2891 224 2970; x_wconf 77' lang='grc' dir='ltr'><em>μηλὶς</em></span> <span class='ocrx_word' id='word_1_224' title='bbox 265 2897 439 2953; x_wconf 89' lang='lat' dir='ltr'>musteum</span> <span class='ocrx_word' id='word_1_225' title='bbox 476 2896 708 2953; x_wconf 83' lang='lat' dir='ltr'>Mattianum</span> <span class='ocrx_word' id='word_1_226' title='bbox 749 2896 988 2954; x_wconf 86' lang='lat' dir='ltr'>orbiculatum</span> <span class='ocrx_word' id='word_1_227' title='bbox 1027 2895 1134 2955; x_wconf 89' lang='lat' dir='ltr'>Ocra-</span> 
     </span>
     <span class='ocr_line' id='line_1_32' title="bbox 119 2984 1135 3060; baseline 0.004 -20"><span class='ocrx_word' id='word_1_228' title='bbox 119 2985 258 3040; x_wconf 87' lang='lat' dir='ltr'>tianum</span> <span class='ocrx_word' id='word_1_229' title='bbox 295 3002 448 3059; x_wconf 84' lang='lat' dir='ltr'>praecox</span> <span class='ocrx_word' id='word_1_230' title='bbox 484 3003 705 3060; x_wconf 88' lang='lat' dir='ltr'>pannuceum</span> <span class='ocrx_word' id='word_1_231' title='bbox 736 2984 920 3043; x_wconf 91' lang='lat' dir='ltr'>Punicum</span> <span class='ocrx_word' id='word_1_232' title='bbox 951 2985 1135 3044; x_wconf 89' lang='lat' dir='ltr'>Persicum</span> 
     </span>
     <span class='ocr_line' id='line_1_33' title="bbox 93 3071 1135 3147; baseline 0.004 -17"><span class='ocrx_word' id='word_1_233' title='bbox 93 3080 105 3121; x_wconf 77' lang='lat'><strong>⁶</strong></span> <span class='ocrx_word' id='word_1_234' title='bbox 121 3071 330 3139; x_wconf 82' lang='lat' dir='ltr'>Quirianum</span> <span class='ocrx_word' id='word_1_235' title='bbox 346 3076 531 3147; x_wconf 86' lang='lat' dir='ltr'>prosivum</span> <span class='ocrx_word' id='word_1_236' title='bbox 549 3073 693 3131; x_wconf 87' lang='lat' dir='ltr'>rubrum</span> <span class='ocrx_word' id='word_1_237' title='bbox 708 3073 947 3132; x_wconf 83' lang='lat' dir='ltr'>Scandianum</span> <span class='ocrx_word' id='word_1_238' title='bbox 962 3073 1135 3134; x_wconf 87' lang='lat' dir='ltr'>silvestre</span> 
     </span>
     <span class='ocr_line' id='line_1_34' title="bbox 120 3160 927 3221; baseline -0.001 -2"><span class='ocrx_word' id='word_1_239' title='bbox 120 3160 316 3219; x_wconf 81' lang='lat' dir='ltr'>struthiam</span> <span class='ocrx_word' id='word_1_240' title='bbox 341 3162 572 3220; x_wconf 86' lang='lat' dir='ltr'>Scantianum</span> <span class='ocrx_word' id='word_1_241' title='bbox 596 3161 706 3219; x_wconf 86' lang='lat' dir='ltr'>Tibur</span> <span class='ocrx_word' id='word_1_242' title='bbox 728 3163 927 3221; x_wconf 87' lang='lat' dir='ltr'>Verianum.</span> 
     </span>
    </p>
   </div>
   <div class='ocr_carea' id='block_1_11' title="bbox 57 3259 1137 3482">
    <p class='ocr_par' dir='ltr' id='par_1_11' title="bbox 57 3259 1137 3482">
     <span class='ocr_line' id='line_1_35' title="bbox 192 3259 1136 3330; baseline 0.002 -16"><span class='ocrx_word' id='word_1_243' title='bbox 192 3261 318 3314; x_wconf 75' lang='lat' dir='ltr'>Macco.</span> <span class='ocrx_word' id='word_1_244' title='bbox 333 3263 451 3326; x_wconf 83' lang='lat'><strong><em>3‚19,2</em></strong></span> <span class='ocrx_word' id='word_1_245' title='bbox 472 3259 611 3313; x_wconf 86' lang='lat' dir='ltr'>malorum</span> <span class='ocrx_word' id='word_1_246' title='bbox 630 3261 819 3314; x_wconf 85' lang='lat' dir='ltr'>enumeranda</span> <span class='ocrx_word' id='word_1_247' title='bbox 838 3263 903 3314; x_wconf 85' lang='lat' dir='ltr'>sunt</span> <span class='ocrx_word' id='word_1_248' title='bbox 921 3277 1036 3330; x_wconf 83' lang='lat' dir='ltr'>genera,</span> <span class='ocrx_word' id='word_1_249' title='bbox 1061 3279 1136 3328; x_wconf 87' lang='lat' dir='ltr'>quae</span> 
     </span>
     <span class='ocr_line' id='line_1_36' title="bbox 121 3328 1137 3401; baseline 0.004 -19"><span class='ocrx_word' id='word_1_250' title='bbox 121 3328 246 3383; x_wconf 83' lang='lat' dir='ltr'>Cloatius</span> <span class='ocrx_word' id='word_1_251' title='bbox 264 3331 295 3383; x_wconf 93' lang='lat' dir='ltr'>in</span> <span class='ocrx_word' id='word_1_252' title='bbox 314 3330 506 3384; x_wconf 88' lang='lat' dir='ltr'>ordinatorum</span> <span class='ocrx_word' id='word_1_253' title='bbox 525 3330 693 3384; x_wconf 79' lang='lat' dir='ltr'>Graecorum</span> <span class='ocrx_word' id='word_1_254' title='bbox 712 3332 784 3386; x_wconf 90' lang='lat' dir='ltr'>libro</span> <span class='ocrx_word' id='word_1_255' title='bbox 804 3334 903 3400; x_wconf 82' lang='lat' dir='ltr'>quarto</span> <span class='ocrx_word' id='word_1_256' title='bbox 921 3332 964 3385; x_wconf 84' lang='lat' dir='ltr'>ita</span> <span class='ocrx_word' id='word_1_257' title='bbox 982 3331 1137 3401; x_wconf 83' lang='lat' dir='ltr'>diligenter</span> 
     </span>
     <span class='ocr_line' id='line_1_37' title="bbox 57 3403 1007 3482; baseline 0.001 -28"><span class='ocrx_word' id='word_1_258' title='bbox 57 3476 61 3482; x_wconf 34' lang='grc'><strong><em>1</em></strong></span> <span class='ocrx_word' id='word_1_259' title='bbox 121 3403 277 3454; x_wconf 56' lang='lat' dir='ltr'>enumerat:</span> <span class='ocrx_word' id='word_1_260' title='bbox 297 3420 349 3456; x_wconf 83' lang='lat' dir='ltr'>sunt</span> <span class='ocrx_word' id='word_1_261' title='bbox 363 3420 437 3456; x_wconf 87' lang='lat' dir='ltr'>autem</span> <span class='ocrx_word' id='word_1_262' title='bbox 451 3434 477 3440; x_wconf 93' lang='lat'>-</span> <span class='ocrx_word' id='word_1_263' title='bbox 492 3417 621 3457; x_wconf 78' lang='lat' dir='ltr'>Verianum.</span> <span class='ocrx_word' id='word_1_264' title='bbox 653 3403 687 3469; x_wconf 82' lang='lat' dir='ltr'>cf.</span> <span class='ocrx_word' id='word_1_265' title='bbox 707 3404 775 3457; x_wconf 75' lang='lat' dir='ltr'>Isid.</span> <span class='ocrx_word' id='word_1_266' title='bbox 796 3421 834 3457; x_wconf 74' lang='lat' dir='ltr'>or.</span> <span class='ocrx_word' id='word_1_267' title='bbox 850 3408 893 3470; x_wconf 82' lang='grc'>17,</span> <span class='ocrx_word' id='word_1_268' title='bbox 908 3408 933 3470; x_wconf 82' lang='grc'>7,</span> <span class='ocrx_word' id='word_1_269' title='bbox 948 3408 1007 3473; x_wconf 63' lang='grc'><em>389.</em></span> 
     </span>
    </p>
   </div>
   <div class='ocr_carea' id='block_1_12' title="bbox 83 3510 1136 3650">
    <p class='ocr_par' dir='ltr' id='par_1_12' title="bbox 83 3510 1136 3650">
     <span class='ocr_line' id='line_1_38' title="bbox 174 3510 1136 3584; baseline 0.001 -21"><span class='ocrx_word' id='word_1_270' title='bbox 174 3515 194 3563; x_wconf 83' lang='lat'><em>2</em></span> <span class='ocrx_word' id='word_1_271' title='bbox 216 3511 396 3582; x_wconf 79' lang='lat' dir='ltr'>coccymeliri</span> <span class='ocrx_word' id='word_1_272' title='bbox 416 3514 515 3571; x_wconf 76' lang='lat' dir='ltr'>Pcrc&#39;s.</span> <span class='ocrx_word' id='word_1_273' title='bbox 616 3517 631 3567; x_wconf 80' lang='grc'>3</span> <span class='ocrx_word' id='word_1_274' title='bbox 657 3510 839 3584; x_wconf 77' lang='lat' dir='ltr'>agratiauum</span> <span class='ocrx_word' id='word_1_275' title='bbox 926 3510 1136 3564; x_wconf 67' lang='lat' dir='ltr'>uscaud&#39;raucu</span> 
     </span>
     <span class='ocr_line' id='line_1_39' title="bbox 83 3578 1050 3650; baseline -0.011 -11"><span class='ocrx_word' id='word_1_276' title='bbox 83 3578 183 3638; x_wconf 66' lang='lat' dir='ltr'>Panic.</span> <span class='ocrx_word' id='word_1_277' title='bbox 205 3583 416 3648; x_wconf 82' lang='lat' dir='ltr'>Scaudianum</span> <span class='ocrx_word' id='word_1_278' title='bbox 435 3591 500 3650; x_wconf 81' lang='lat' dir='ltr'>Jaa</span> <span class='ocrx_word' id='word_1_279' title='bbox 578 3581 934 3646; x_wconf 61' lang='lat' dir='ltr'>circumferamus</span> <span class='ocrx_word' id='word_1_280' title='bbox 950 3579 1050 3630; x_wconf 68' lang='lat' dir='ltr'>Baua.</span> 
     </span>
    </p>
   </div>
   <div class='ocr_carea' id='block_1_13' title="bbox 0 0 1216 3840">
    <p class='ocr_par' dir='ltr' id='par_1_13' title="bbox 0 0 1216 3840">
     <span class='ocr_line' id='line_1_40' title="bbox 0 0 1216 3840; baseline 0 0"><span class='ocrx_word' id='word_1_281' title='bbox 0 0 1216 3840; x_wconf 95' lang='lat' dir='ltr'> </span> 
     </span>
    </p>
   </div>
  </div>
 </body>
</html>
