2422 3840
416 171 494 224 Iuba.
532 169 644 224 Sinnius
664 169 763 239 Capito

375 428 584 517 SINNIUS
616 429 803 515 CAPITO

424 652 462 716 A.
487 651 755 717 TESTIMONIA

80 740 192 794 VITAE

154 851 178 900 1.
202 847 320 902 Sinnius
340 847 437 915 Capito
456 848 565 900 nomine
583 853 608 900 et
626 847 783 917 coquamine
807 847 842 900 ab
861 847 987 900 omnibus
1006 854 1097 901 aueto-

78 921 157 974 ribus
183 920 347 986 appellatur,
372 921 421 972 loc
444 919 539 972 oreline
563 924 717 972 constanter
741 935 758 970 a
782 919 863 971 Festo
886 924 983 985 quater
1005 919 1099 984 decies,

80 990 159 1044 semel
181 1006 255 1044 verso
278 990 373 1044 ordine
394 990 505 1057 ‘Capito
523 989 662 1054 Sinnius',
685 990 835 1056 ibidemque
854 996 996 1056 praeterea
1014 992 1100 1055 scates

83 1063 114 1114 in
134 1063 241 1115 lacunis
255 1062 355 1115 eodier's
373 1062 460 1115 solnm
477 1078 575 1114 namen
593 1077 769 1130 copnomenve
783 1077 844 1114 cum
857 1067 935 1125 estet,
954 1077 1100 1130 eoquoruen

83 1149 210 1186 nomenve
234 1132 340 1200 eapleta
357 1139 430 1185 sunt.
467 1149 549 1198 unus,
573 1139 604 1185 ut
620 1133 694 1197 solet,
718 1132 827 1185 Paulus
849 1132 921 1184 banc
944 1133 1026 1201 leqcm
1043 1150 1101 1186 non

83 1206 213 1272 seqnitur.
251 1205 285 1269 cf.
305 1203 366 1257 Seu.
386 1205 463 1257 Eun.
483 1209 539 1257 test.
560 1208 575 1255 1
594 1209 619 1256 et
639 1204 773 1257 Veranius
791 1203 826 1268 fr.
843 1207 886 1257 12.

155 1298 181 1347 2.
202 1294 234 1346 cle
247 1293 343 1347 Siuuii
361 1294 525 1360 temporibus
544 1293 637 1347 omnia
655 1299 817 1362 arqumenta
835 1292 941 1362 colleqit
953 1292 1099 1345 subtiliter-

84 1383 134 1433 que
152 1365 270 1418 excussit
290 1366 327 1417 M
330 1364 415 1417 Hertz
434 1364 562 1432 (Sinnius
577 1364 682 1431 Capito.
702 1364 801 1417 Berlin
815 1367 887 1417 1844
901 1381 931 1430 p.
948 1364 1102 1430 6-15),ut

85 1437 150 1489 inde
168 1436 337 1489 concluderet
355 1434 485 1488 Sinnium
501 1435 623 1489 Varrone
641 1436 784 1502 aliquanto
803 1436 936 1490 iuniorem
954 1434 1048 1500 fuisse.
1077 1440 1102 1488 et

85 1524 145 1561 eum
164 1508 204 1560 vel
226 1508 365 1560 lominum
384 1508 483 1560 aetatis
500 1507 590 1574 spatio
610 1513 673 1573 post
690 1507 836 1560 Aurelium
857 1505 977 1573 Opilium
995 1506 1101 1560 clarum

86 1580 205 1632 eutittsse
223 1595 252 1632 eo
270 1578 457 1643 contentatur,
477 1577 625 1644 quodcum
648 1579 831 1631 soloecismum
854 1578 971 1632 Sinnius
993 1579 1102 1645 eiusque

86 1650 212 1717 aequales
234 1649 440 1717 imparilitatem
463 1650 673 1716 appellaverint,
697 1649 888 1718 stribiliqinem
907 1655 998 1701 autem
1017 1648 1101 1702 ‘vetu-

83 1721 189 1774 stiores’
211 1722 255 1786 (fr.
270 1723 308 1788 2),
326 1720 374 1773 bas
390 1720 476 1787 Opilli
493 1721 549 1784 t'cre
566 1721 691 1786 aequales
705 1736 758 1773 esse
773 1721 807 1772 ab
826 1721 969 1786 interprete
983 1721 1102 1787 quodam

86 1793 196 1845 Donati
213 1792 365 1857 accepimus
387 1791 468 1857 (Aur.
492 1790 572 1858 Opill.
591 1795 627 1857 l'r.
642 1793 696 1860 17).
734 1791 768 1856 ef.
789 1792 871 1844 etiam
889 1790 928 1844 ad
944 1791 980 1857 fr.
995 1796 1020 1845 1.
1041 1795 1065 1844 5.

160 1884 183 1932 3.
206 1879 273 1933 Gell.
290 1885 315 1944 5,
329 1883 375 1944 21,
390 1883 408 1931 9
428 1878 507 1932 Sinni
527 1877 671 1947 Capitonis
691 1879 847 1932 doctissimi
865 1878 917 1931 viri
935 1881 970 1946 cf,
986 1886 1042 1934 test.
1057 1885 1082 1934 4.
1161 1931 1164 1934 ,

89 2039 319 2093 SCRIPTORUM

159 2170 183 2218 4.
213 2166 328 2219 Hieron.
356 2166 388 2218 in
418 2164 485 2218 Gen.
505 2167 531 2230 3,
545 2168 600 2218 319
637 2164 707 2217 Vall.
739 2162 865 2233 legamus
889 2163 1031 2224 ,Varronis
1064 2165 1103 2217 ds

89 2235 367 2304 antiquitatibus
390 2235 478 2288 libros
497 2237 526 2287 st
545 2233 635 2287 Sinnii
655 2233 799 2302 Captionis
819 2237 848 2289 ot
865 2233 1003 2289 Graecum
1021 2234 1104 2288 Phle-

88 2309 176 2376 gonta
190 2309 352 2374 ceterosque
371 2306 575 2359 eruditissimos
590 2306 662 2359 viros
682 2307 710 2358 et
728 2305 885 2359 videbimus
900 2322 994 2359 omnes
1014 2322 1103 2375 paone

88 2378 195 2432 insulas
219 2381 248 2432 et
270 2378 358 2432 totius
382 2377 456 2432 orbis
480 2377 565 2431 litora
590 2379 735 2443 terrasque
760 2377 832 2429 mari
858 2376 964 2430 vicinas
988 2375 1102 2431 Graecis

89 2450 192 2504 accolis
211 2452 370 2518 occupatas.
415 2449 449 2515 cf.
469 2449 555 2503 Hera
574 2450 640 2503 ibiel.
655 2466 685 2517 p.
700 2451 745 2502 23.
764 2452 801 2502 25
819 2455 845 2503 et
862 2449 941 2515 infra
956 2451 1046 2518 praef.
1066 2450 1104 2503 ael

88 2524 141 2575 inc.
161 2523 214 2575 scel.
233 2523 270 2588 fr.
285 2539 315 2590 p.
331 2525 393 2574 459.

161 2635 175 2680 2
197 2627 302 2680 Sisinni
320 2629 395 2682 codd.

161 2757 184 2806 5.
205 2754 283 2807 Lact.
299 2754 324 2806 ol.
340 2754 358 2804 i.
375 2757 401 2817 6,
410 2755 455 2818 20,
466 2756 501 2805 35
520 2750 658 2819 paulatim
672 2751 768 2804 tamen
782 2753 811 2804 et
825 2751 924 2804 ceteris
940 2751 993 2803 diis
1009 2751 1103 2821 [antea

88 2831 273 2878 merrrvrautur
286 2823 425 2878 Saturnus
439 2825 523 2877 Liber
536 2821 696 2892 Neptunus]
714 2820 790 2876 idam
804 2822 892 2876 honos
908 2822 996 2875 tribui
1010 2823 1104 2891 coepit

89 2895 249 2964 singulique
268 2894 328 2947 ludi
348 2894 507 2948 nominibus
523 2910 618 2947 eorum
638 2893 793 2946 consecrati
810 2896 883 2961 sunt,
902 2893 976 2946 sicut
990 2893 1103 2946 Sinnius

89 2966 188 3034 Capito
208 2968 237 3018 in
256 2965 359 3019 libris
379 2965 656 3034 spectaculorum
675 2964 764 3018 docet.
813 3025 818 3039 Ι

160 3077 185 3126 6.
218 3080 361 3141 praeterea
386 3072 503 3127 Sinnius
528 3072 723 3142 qrammaticas
749 3071 888 3139 epistulas,
916 3071 1034 3125 libellum
1060 3072 1104 3125 De

88 3146 214 3214 syllabis,
239 3146 355 3210 fortasse
377 3146 460 3198 etiam
479 3144 511 3198 de
524 3144 678 3210 proverbiis
699 3144 822 3212 saepsit,
845 3143 995 3210 dequibus
1016 3143 1102 3208 infra.

88 3216 131 3268 vel.
152 3217 234 3269 etiam
252 3217 284 3269 de
302 3217 374 3270 notis
393 3216 452 3269 Acl.
468 3215 537 3269 Stilo
551 3219 607 3268 test.
622 3219 666 3268 21.

159 3430 291 3496 reliquias
313 3430 477 3498 eolleqerunt
500 3429 600 3498 Eqper,
621 3427 687 3482 Lat.
710 3398 792 3482 serm.
804 3432 860 3481 vet.
874 3426 939 3478 sabb.
952 3425 1003 3474 seb.
1024 3420 1132 3484 Quem

84 3501 318 3640 ffffifflfpffaesq.
352 3501 479 3555 MHertc
499 3501 516 3557 l.
536 3517 559 3557 c.
584 3518 611 3571 p.
632 3504 668 3557 27
676 3517 718 3571 sq.
752 3499 792 3566 cs.
815 3498 943 3560 Prcsnp.
965 3492 1043 3550 ’ΜΨ-
1061 3483 1158 3531 M·

98 3611 109 3633 Ι.
199 3589 216 3624 θ
253 3612 258 3624 .
