2422 3840
442 184 444 189 ·
458 170 494 224 M.
514 162 661 225 Terentius
678 169 767 224 Varro
1051 153 1116 232 261

105 339 293 400 atribuno
313 333 465 398 *aerario
492 339 596 398 miles
626 341 790 414 accipere
818 337 983 412 debebat,
1015 341 1119 396 voca·

103 429 224 489 bulum
248 446 403 489 seorsum
427 427 481 487 fit.
989 433 991 438 '

178 527 287 593 Geso,
303 532 338 580 10
355 528 388 579 ut
405 527 475 579 haec
493 526 641 594 ususcapio
661 525 765 578 dicitur
783 525 914 593 copulato
928 524 1062 580 vocabulo
1079 525 1118 578 ‘a'

104 598 202 652 littera
215 598 245 651 in
260 613 293 651 eo
306 597 420 651 tractim
434 597 624 666 pronuntiata,
643 596 685 651 ita
698 596 907 666 pignoriscapio
921 596 1015 650 iuncte
1029 596 1120 667 [sunt]

105 672 134 723 et
161 669 298 738 producte
325 668 479 722 dicebatur.
524 667 608 721 verba
635 667 769 722 Varronis
798 666 923 738 [Catonis
951 669 1042 723 codd:
1070 685 1119 723 em.

105 741 233 811 stsius]
254 741 318 793 sunt
337 739 478 808 exprimo
498 738 707 807 epistolicsmm
726 739 934 807 quaestionum:
953 753 1120 803 pignonroapio

104 845 131 854 -
144 827 176 866 st.
213 812 248 877 cf.
274 813 361 866 Varro
380 813 412 865 de
432 813 448 865 1.
469 812 502 864 L.
518 816 543 876 5,
559 815 620 864 181.
661 810 751 865 Gaius
768 815 795 876 4,
812 815 894 878 2634.
932 810 964 864 dc
988 811 1121 865 Varronis

105 885 215 938 comice
231 899 282 951 pro
303 883 405 937 Catone
421 883 562 937 scribendo
587 884 621 949 cf.
642 883 828 936 Kretssebmer
846 882 912 935 ibid.
928 899 957 949 p.
972 885 1018 936 39.

577 1034 644 1093 225

173 1142 190 1199 1.
217 1141 248 1199 V.
292 1140 471 1198 adcorum
497 1139 577 1198 sede
601 1156 677 1197 oum
699 1141 736 1197 in
759 1139 944 1198 meridiem
967 1142 1122 1213 spectes,

107 1231 151 1288 ad
182 1231 370 1288 sinistram
403 1232 486 1288 sunt
517 1231 639 1305 partes
671 1227 794 1286 mundi
826 1229 1045 1303 exorientes,
1080 1227 1122 1286 ad

107 1319 288 1377 dexteram
326 1317 549 1392 occidentcs3
586 1312 669 1394 (eo)
705 1317 840 1376 factum
879 1316 1047 1393 arbitror,
1084 1319 1123 1376 ut

107 1408 260 1468 sinistra
287 1406 438 1465 meliors
467 1408 631 1482 auspicia
660 1425 764 1480 quam
791 1407 939 1465 dextera
967 1423 1042 1464 esse
1065 1424 1123 1464 ex·

106 1498 324 1556 istimentur.

178 1595 253 1650 cht.
264 1611 293 1662 p.
309 1597 414 1660 339¹,1
438 1593 568 1647 sinistrae
593 1609 657 1647 avos
681 1593 879 1660 sinistrumque
897 1593 954 1646 sive
977 1592 1034 1675 [est
1051 1592 1125 1648 cort:

107 1683 154 1720 em.
177 1665 282 1720 OMce.
300 1665 438 1736 Huschke]
458 1663 628 1718 sinistimum
647 1664 811 1732 auspicium,
830 1664 848 1718 i.
868 1664 943 1732 quod
961 1665 1036 1717 srnat
1053 1663 1123 1719 fieri.

108 1736 196 1791 Varro
210 1736 228 1790 1.
245 1736 269 1789 V
284 1735 494 1804 epistolicarum
508 1736 704 1803 quaestionum
719 1736 773 1789 ait:
793 1750 906 1790 ausorum
920 1767 948 1775 ·—
961 1749 1123 1790 existimentur.

106 1807 183 1863 idem
205 1807 263 1861 iere
288 1807 413 1861 sentiunt
436 1805 548 1860 Sinnius
573 1805 672 1875 Capito
692 1806 738 1877 [fr.
755 1808 801 1879 11]
820 1809 848 1859 et
872 1805 982 1860 Cincius
1002 1807 1049 1876 [fr.
1062 1806 1122 1878 28].

180 1904 194 1950 1
220 1896 255 1950 ab
284 1897 473 1965 auspiciorum
501 1895 567 1949 sede
605 1896 673 1962 Ura,
700 1896 748 1950 sed
774 1897 808 1963 cf.
838 1898 926 1950 Mart.
956 1896 1022 1964 Cup.
1044 1900 1069 1961 1,
1088 1897 1123 1948 45

108 1969 223 2037 sparte
332 1973 347 2020 3
367 1984 399 2020 eo
419 1968 483 2021 add.
503 1969 589 2021 Hertz

579 2119 646 2176 226
760 2084 762 2089 ’

177 2227 196 2284 1.
221 2225 273 2284 VI.
316 2244 374 2300 quo
397 2225 463 2283 ioco
486 2243 574 2300 pero
599 2227 629 2283 et
652 2243 711 2300 quo
733 2225 792 2284 looi
813 2243 868 2299 per
888 2226 901 2281 i
919 2224 1015 2282 Varro
1038 2241 1124 2301 posse

108 2314 169 2373 dici
191 2317 224 2372 in
247 2313 470 2391 epistolicamm
493 2313 537 2371 VI
565 2313 677 2388 scribit,
708 2313 759 2373 ssd
781 2314 825 2372 ita
847 2315 892 2387 ut,
922 2314 948 2372 si
970 2312 1006 2371 de
1029 2313 1124 2388 pluri·

107 2403 162 2462 bus
192 2404 266 2462 locis
295 2421 435 2479 quaeras,
466 2403 550 2461 volut
579 2404 611 2460 in
634 2401 725 2460 Italia
755 2402 828 2476 quid
856 2403 931 2478 puta
958 2403 999 2461 sit
1027 2420 1065 2460 an
1092 2402 1124 2460 in

108 2490 243 2567 Graecia,
267 2511 325 2566 quo
348 2493 413 2551 loco
437 2490 528 2567 dicas,
551 2491 745 2567 respondetur
767 2491 823 2550 boc
845 2491 925 2565 loco,
952 2491 979 2549 si
1000 2485 1125 2568 <autem

108 2582 144 2640 de
167 2581 255 2640 unius
278 2581 337 2640 loci
359 2583 445 2656 parte
474 2599 609 2656 quaeras
636 2584 707 2640 tunc
732 2599 789 2654 quo
813 2574 892 2656 loci>
914 2598 968 2656 per
990 2581 1017 2655 i‘3
1047 2579 1150 2638 sicuts

108 2665 188 2746 ‘quis
210 2672 237 2728 is
261 2673 306 2729 est
328 2663 451 2728 bomo?
497 2672 529 2726 in
557 2668 749 2727 multitudine
782 2668 898 2743 dicitur,
929 2687 997 2728 cum
1025 2669 1124 2726 autem

108 2754 194 2835 ³quid
223 2759 279 2818 hoc
306 2762 351 2818 est
378 2752 546 2818 hominis‘i'
590 2758 751 2833 quaeritur,
783 2759 895 2832 inquit,
930 2758 965 2816 de
998 2757 1124 2816 aiicuius

108 2865 218 2924 quaero
241 2847 370 2907 hominis
395 2848 550 2924 qualitate.
673 2922 675 2926 Α

181 2946 261 3001 (sisar.
276 2937 385 3015 11109,
401 2953 416 3001 1
437 2948 480 3015 (=
496 2948 570 3000 Plio.
591 2946 653 3000 dub.
674 2963 750 3000 serm.
765 2963 795 3014 p.
811 2948 856 3011 43,
871 2945 944 3014 513.)
978 2969 1022 3007 quo
1036 2959 1085 2998 1000
1098 2964 1126 2985 -·‘

107 3032 222 3080 qualitate.

181 3130 194 3176 1
215 3139 296 3192 posse
315 3139 396 3190 posse
416 3123 472 3176 dici
492 3126 520 3176 et
539 3104 704 3191 epistiilicai
715 3122 762 3176 vi
823 3129 838 3177 3
857 3122 913 3176 loci
973 3126 990 3172 4
1008 3121 1036 3175 b.
1054 3121 1126 3176 loco.

109 3220 127 3297 S
141 3247 199 3300 per.
214 3231 232 3284 i.
248 3231 305 3286 cod.
320 3231 433 3298 reliquis
449 3230 564 3296 occissis,
581 3245 650 3297 quos
664 3247 729 3299 exp
743 3231 806 3284 add.
823 3230 924 3285 Petam
1011 3234 1026 3282 6
1046 3209 1064 3297 ii
1078 3227 1125 3282 sis.

108 3319 128 3355 s.
149 3302 245 3355 homo:
266 3319 314 3356 em.
334 3302 511 3355 lacedemone

581 3454 648 3510 227

175 3560 192 3615 l.
222 3559 289 3614 VII.
336 3561 473 3632 quintum
506 3559 720 3623 tricensimum
750 3580 874 3622 aunum
901 3559 970 3618 uu
994 3557 1068 3615 s'me
1095 3565 1170 3603 cou-
