2422 3840
122 160 191 226 490
290 161 496 216 Grammaticus
515 162 617 216 aetatis
635 164 797 232 Augusteae
815 163 975 233 fragmenta

123 331 178 390 ita
200 332 302 390 homo
326 332 433 389 tenax
456 350 639 407 parvoque
662 333 855 390 contentus
878 334 995 390 omnia
1019 335 1137 392 custo·

95 419 200 479 adita
219 422 253 478 et
275 419 464 479 recondita
486 419 595 479 habet
617 420 729 480 sicuti
751 439 847 494 arca,
871 440 975 496 quam
993 420 1035 480 ob
1055 440 1139 481 cau-

122 526 195 567 sam
217 527 347 584 parcus
372 510 477 584 quasi
499 527 671 584 pararcus
696 511 749 569 est
771 513 986 570 nominatus.

196 607 263 662 Gall.
279 611 395 673 3,19,1
425 607 574 676 legebatur
596 605 678 662 Gavii
702 607 782 660 Bassi
810 639 846 647 -
873 607 946 662 liber
969 608 1003 661 de
1028 608 1138 679 origine

120 677 269 732 verborum
288 680 316 731 et
333 677 541 732 vocabulorum.
579 679 609 731 in
628 695 683 747 quo
707 679 749 732 ita
768 679 904 748 scriptum
921 678 989 732 fuit:
1013 705 1094 742 paraus
1111 711 1139 720 -

120 763 254 805 nominatus.
290 751 351 802 tum
369 748 531 816 Favorinus,
554 749 604 802 ubi
622 749 692 803 haec
711 750 832 805 audivit:
857 749 1075 818 ‘superstitiose'
1096 751 1138 804 in-

122 820 185 888 quit
205 821 245 874 ‘et
263 819 346 873 nimis
365 820 483 875 moleste
502 824 587 889 atque
606 821 702 875 odiose
721 821 929 875 confabricatus
948 821 1138 876 commolitus·

122 909 176 960 que
201 891 293 962 magis
318 892 361 945 est
386 892 524 960 originem
547 891 679 945 vocabuli
702 891 807 946 Gavius
832 893 886 946 iste
909 892 1026 959 Bassus,
1053 909 1138 960 quam

121 963 282 1017 enarravit’.
319 963 354 1030 ef.
373 963 446 1019 Seru.
466 964 543 1018 Dua.
563 970 588 1018 et
605 963 692 1019 Senot.
712 965 796 1019 Rara,
815 982 902 1035 yeorq.
923 969 948 1031 1,
962 969 1005 1019 47.
1034 969 1060 1030 3,
1074 968 1137 1019 403.

193 1075 209 1122 6
227 1070 371 1141 paramus]
391 1086 507 1138 parares
526 1087 559 1124 ea
576 1085 661 1139 parce
680 1070 844 1142 Laod-But.
865 1072 950 1125 Vatis.

581 1214 675 1299 ⁷[2]

188 1346 248 1385 non
266 1327 355 1403 pauci
374 1329 445 1386 sunt
459 1326 510 1401 qui
530 1328 692 1403 opinantur
709 1328 847 1402 pedarios
866 1332 1017 1388 senatores
1035 1329 1138 1405 appel·

122 1417 214 1491 latos,
245 1416 296 1492 qui
320 1416 499 1475 sententiam
521 1417 553 1474 in
576 1419 681 1476 senatu
704 1436 764 1475 non
787 1418 885 1475 verbis
914 1417 1058 1493 dicerent,
1087 1418 1138 1476 sed

121 1505 153 1562 in
177 1505 305 1563 alienam
329 1505 508 1565 sententiam
531 1504 655 1581 pedibus
678 1505 764 1564 irent.
811 1506 884 1582 quid
910 1504 1025 1583 igitur?
1070 1525 1139 1566 oum

122 1597 243 1652 senatus
269 1595 437 1653 consultum
460 1613 514 1670 per
533 1593 742 1654 discessionem
764 1594 862 1670 fiebat,
884 1615 982 1654 nonne
1006 1596 1139 1654 universi

95 1684 271 1742 asenatores
295 1683 474 1741 sententiam
497 1682 621 1758 pedibus
645 1682 802 1742 ferebant?
839 1687 929 1760 atque
951 1685 1025 1744 haec
1046 1686 1138 1743 etiam

122 1771 260 1830 vocabuli
296 1771 385 1830 istius
421 1772 500 1831 ratio
537 1772 654 1847 dicitur,
691 1792 782 1847 quam
815 1771 926 1833 Gavius
958 1773 1069 1833 Bassus
1106 1775 1138 1832 in

121 1863 341 1920 commentariis
355 1863 415 1919 suis
431 1863 573 1936 scriptam
590 1861 722 1937 reliquit.
755 1864 905 1921 senatores
920 1863 999 1919 enim
1018 1861 1093 1920 dicit
1106 1865 1139 1920 in

121 1952 257 2008 veterum
276 1952 383 2022 aetate,
406 1952 461 2025 qui
479 1951 611 2009 curulem
629 1952 839 2028 magistratum
858 1951 1026 2029 gessissent,
1050 1969 1138 2010 curru

122 2038 226 2098 solitos
249 2039 369 2098 honoris
393 2041 491 2116 gratia
515 2039 545 2097 in
570 2041 683 2098 curiam
706 2040 787 2112 vehi,
814 2043 846 2097 in
870 2059 928 2115 quo
952 2058 1041 2098 curru
1064 2040 1139 2099 sella

82 2141 108 2181 1⁰
122 2129 207 2202 esset,
226 2146 420 2204 superquam
439 2128 633 2202 considerent,
652 2147 728 2204 quae
743 2129 779 2187 ob
799 2148 866 2187 eam
885 2146 1005 2187 causam
1024 2129 1138 2188 curulis

122 2217 338 2292 appellaretur,
364 2217 415 2274 sed
439 2235 488 2276 eos
511 2220 670 2293 senatores
694 2219 747 2292 qui
769 2219 979 2294 magistratum
1002 2218 1138 2276 curulem

121 2306 253 2364 nondum
281 2308 434 2381 ceperant,
464 2305 588 2380 pedibus
615 2307 738 2366 itavisse
763 2307 795 2363 in
819 2309 946 2380 curiam3
978 2310 1138 2382 propterea

121 2397 273 2454 senatores
291 2396 424 2453 nondum
441 2395 603 2454 maioribus
621 2395 782 2454 honoribus
803 2395 941 2471 pedarios
959 2396 1137 2455 nominatos.

196 2485 263 2539 Geli.
283 2488 309 2551 3,
328 2488 373 2550 18,
393 2491 408 2537 1
433 2509 479 2538 non
497 2499 564 2546 pauci
577 2517 604 2524 —
617 2500 751 2540 nominatos.
793 2486 827 2551 cf.
852 2485 941 2539 Vwrrd
958 2491 1010 2539 sat.
1029 2487 1066 2553 fr.
1081 2489 1138 2540 220

122 2557 192 2610 Bae.
216 2557 298 2610 Paul.
321 2556 393 2609 Fest.
414 2573 443 2623 p.
463 2560 565 2622 49,17.
603 2556 674 2611 San.
694 2558 764 2611 Aea.
783 2561 827 2623 11,
842 2561 903 2612 334.
940 2557 1008 2611 Isid.
1033 2573 1072 2611 or.
1092 2561 1138 2623 20,

122 2632 221 2693 11,11.
261 2627 346 2681 OGL
366 2628 409 2680 VI
422 2631 484 2681 299.

194 2730 210 2777 6
230 2722 345 2795 Gavius]
365 2723 396 2779 G.
490 2730 522 2778 10
542 2725 712 2780 consideret:
731 2744 779 2780 em.
799 2726 874 2780 codd.
894 2726 988 2780 deterr.
1077 2742 1138 2778 cur·

121 2793 191 2847 rulis
286 2801 319 2848 12
342 2795 384 2848 ita
401 2796 444 2850 vis
464 2813 493 2849 se
512 2797 599 2850 Vatis.
625 2796 667 2849 ita
685 2797 769 2852 ivisse
788 2799 961 2866 Laod-But.
987 2796 1139 2850 intravisse

123 2867 214 2921 Paris.
306 2872 339 2920 13
362 2867 426 2921 hon.
446 2866 557 2920 functos
575 2868 652 2922 codd.
671 2869 765 2923 deterr.
792 2885 856 2923 usos
875 2869 979 2922 maoalt
997 2868 1085 2923 Hertz

189 3105 287 3181 lepide
321 3107 496 3165 mihereules
529 3108 560 3163 et
594 3107 666 3166 scite
695 3106 807 3167 Gavius
836 3108 948 3166 Bassus
981 3107 1014 3165 in
1044 3108 1140 3182 libris,

124 3211 197 3268 quos
226 3195 261 3253 de
285 3195 399 3273 origine
426 3195 639 3254 vocabulorum
670 3198 849 3271 composuit,
880 3196 956 3255 unde
985 3198 1141 3272 appellata

122 3301 249 3357 persona
268 3285 308 3343 sit
325 3285 554 3359 interpretatur;
574 3303 591 3341 a
610 3286 795 3360 personando
815 3287 893 3344 enim
911 3285 942 3343 id
961 3286 1141 3344 vocabulum

116 3372 232 3432 fectum
253 3392 317 3434 esse
336 3373 492 3433 coniectat.
533 3393 613 3431 nam
635 3376 743 3450 caput
765 3376 865 3449 inquit
888 3379 924 3432 et
942 3393 979 3433 os
998 3377 1140 3451 coperi-

70 3469 230 3527 mento
260 3487 448 3546 personae
477 3467 617 3528 tectum
644 3463 804 3539 usdraus
829 3482 968 3536 unaduo
996 3466 1142 3522 tantum

92 3558 202 3621 vocis
226 3563 471 3626 emittendae
491 3563 557 3624 via
579 3558 768 3638 pervium,
789 3549 959 3627 mmm
972 3567 1046 3604 m
1060 3569 1155 3624 *aa*
