2422 3840
140 148 206 213 220
288 149 493 204 Grammaticae
513 150 616 223 aetatis
634 149 826 203 Varronianae
845 149 1004 218 fragmenta

412 361 461 416 nn
480 331 676 417 consumis
693 362 885 418 innormis

197 487 1155 558 inboclibroeciltcxaodriaornmreligiosorotioaeoqcbotmdcyer·

139 560 232 613 manis
250 559 466 626 adclamatione
484 559 582 612 Plauti
600 559 751 625 comoediis,
769 565 801 613 at
819 559 943 614 inlibris
956 559 1156 613 Plautioorom

140 631 328 698 quaestionum
342 631 463 684 derebus
475 632 669 700 grammaticis.
685 631 718 696 of.
730 630 845 696 Bitschl,
860 632 973 699 Parere.
979 649 1010 699 p.
1021 633 1155 684 73-245.

139 702 205 767 Leo,
219 702 263 756 Pl.
277 702 313 756 F.
324 706 448 770 p.17sq.,
463 704 540 769 33sq.
556 701 647 768 Pooli,
661 700 796 755 Plautino
811 702 947 768 (Estratto
962 701 1035 772 degli
1046 701 1157 755 Annali

139 771 211 826 delta
230 772 330 828 Somolo
348 773 481 826 Normolc
497 774 636 841 superiore
654 773 685 826 aa·
703 773 773 826 Piso
792 775 881 841 1891).

630 941 672 998 88

205 1056 253 1114 tib.
272 1057 300 1114 Ι.
346 1075 450 1116 verum
473 1073 535 1115 esse
559 1057 723 1131 comperior
753 1087 795 1095 -
824 1074 883 1113 non
906 1053 1053 1114 indicibus
1076 1055 1156 1112 Aelii

137 1163 192 1203 nec
211 1143 338 1222 Sedigiti
360 1163 414 1202 nec
438 1143 556 1203 Claudii
578 1163 632 1202 nec
649 1144 765 1202 Aurelii
788 1162 842 1203 nec
860 1143 944 1202 Accii
966 1162 1020 1202 nec
1037 1143 1156 1202 Manilii

138 1252 227 1309 super
253 1233 300 1292 his
330 1233 454 1308 fabulis
487 1252 562 1308 quae
594 1233 733 1291 dicuntur
762 1232 933 1309 ambiguae,
965 1231 1160 1307 crediturum,

139 1322 190 1381 sed
208 1324 268 1398 ipsi
286 1321 394 1381 Plauto
412 1322 602 1397 moribusque
620 1323 723 1399 ingeni
742 1329 832 1397 atque
851 1322 971 1398 linguae
991 1321 1062 1380 eius.
1099 1321 1156 1380 hac

112 1413 218 1470 senim
235 1411 340 1469 iudicii
358 1429 462 1471 norma
476 1411 640 1469 Varronem
660 1429 778 1486 quoque
796 1428 882 1468 usum
901 1410 1043 1468 videmus.
1086 1430 1156 1468 nam

99 1548 104 1571 ,
138 1503 256 1576 praeter
279 1500 347 1558 illas
370 1519 460 1558 uuam
485 1502 515 1558 et
537 1500 656 1576 viginti,
680 1518 756 1574 quae
774 1499 979 1558 Varronianus
1002 1502 1156 1575 vocantur,

139 1607 213 1664 quas
240 1589 350 1647 idcirco
374 1608 392 1646 a
415 1591 520 1647 ceteris
549 1590 731 1666 segregavit,
761 1591 903 1664 quoniam
930 1587 1071 1646 dubiosae
1095 1608 1155 1647 non

138 1681 232 1752 erant,
256 1681 302 1736 set
320 1670 462 1737 consensu
486 1677 618 1736 omnium
636 1677 737 1736 Plauti
760 1695 822 1736 esse
841 1676 1045 1750 censebantur,
1068 1696 1155 1752 quas·

138 1767 207 1825 dam
221 1768 294 1826 item
308 1767 383 1826 alias
397 1766 537 1842 probavit
553 1767 699 1826 adductus
713 1765 763 1824 filo
779 1770 869 1842 atque
883 1766 993 1824 facetia
1012 1768 1155 1826 sermonis

98 1875 123 1914 rc
137 1856 245 1915 Plauto
259 1857 449 1933 congruentis
468 1874 576 1930 easque
590 1858 652 1913 iam
665 1855 834 1914 nominibus
850 1855 976 1913 aliorum
995 1858 1156 1930 occupatas

137 1944 245 2003 Plauto
264 1945 438 2018 vindicavit,
462 1945 551 2004 sicuti
569 1945 659 2002 istam
678 1964 768 2020 quam
785 1943 954 2020 nuperrime
973 1943 1155 2021 legebamus,

137 2035 186 2092 cui
209 2037 262 2092 est'
276 2051 384 2091 nomen
407 2033 540 2092 Boeotia¹
586 2053 655 2091 nam
679 2052 746 2091 cum
770 2034 801 2090 in
825 2033 886 2091 illis
909 2052 969 2091 una
993 2037 1022 2091 et
1045 2033 1155 2109 viginti

136 2141 196 2180 non
224 2124 265 2181 sit
288 2126 318 2180 et
346 2141 407 2182 esse
430 2123 535 2198 Aquili
562 2122 688 2196 dicatur,
717 2122 793 2179 nihil
821 2125 922 2180 tamen
944 2121 1040 2180 Varro
1069 2121 1155 2179 dubi-

137 2212 224 2285 tauit,
242 2212 315 2286 quin
330 2210 431 2269 Plauti
450 2211 528 2269 foret
543 2242 593 2267 -.
630 2211 669 2267 M.
684 2211 780 2269 Varro
797 2211 828 2268 in
847 2209 923 2268 libro
938 2211 974 2267 de
994 2211 1155 2270 comoediis

97 2320 122 2359 1s
137 2299 285 2359 Plautinis
304 2302 400 2376 primo
419 2300 503 2358 Accii
521 2299 612 2357 verba
630 2300 703 2358 haec
721 2299 807 2374 ponit
830 2293 881 2377 [fr.
904 2297 972 2374 19]:
997 2294 1077 2356 ‘nam
1101 2318 1155 2358 nec

138 2388 273 2448 Geminei
295 2389 414 2447 lenones
437 2406 491 2446 nec
515 2386 699 2462 Condalium,
722 2406 776 2446 nec
798 2386 900 2446 Plauti
923 2389 1007 2447 Anus
1029 2408 1083 2446 nec
1102 2388 1154 2446 Bis

137 2496 304 2553 compressa
326 2496 381 2535 nea
403 2476 528 2535 Boeotia
546 2496 688 2552 umquam
706 2478 773 2550 fuit,
796 2495 892 2552 neque
912 2478 984 2535 adeo
1003 2478 1154 2555 Agroecus

136 2586 232 2641 neque
257 2565 488 2625 Commorientes
511 2565 606 2624 Macci
630 2561 711 2624 Titi’.

203 2657 235 2713 in
251 2655 353 2713 eodem
372 2655 448 2714 libro
462 2655 606 2714 Varronis
620 2654 652 2713 id
666 2673 784 2731 quoque
799 2656 940 2730 scriptum
958 2659 987 2713 et
1001 2654 1155 2714 Plautium

96 2764 123 2803 m
136 2745 228 2803 fuisse
252 2743 422 2819 quempiam
445 2746 567 2820 poetam
592 2743 829 2802 comoediarum„
865 2746 1007 2819 quoniam
1033 2744 1154 2802 fabulae

137 2829 231 2910 <eae>
245 2833 347 2891 Plauti
360 2834 523 2908 inscriptae
537 2834 643 2906 forent,
661 2837 796 2906 acceptas
811 2852 874 2892 esse
889 2833 975 2907 quasi
988 2833 1155 2909 Plautinas,

137 2940 204 2980 aum
218 2924 316 2980 essent
329 2940 389 2979 non
404 2920 544 2980 aPlauto
554 2921 721 2995 Plautinae,
737 2922 787 2979 sed
802 2941 821 2980 a
830 2921 951 2981 Plautio
965 2922 1153 2980 Plautianae.

204 3011 341 3069 feruntur
364 3013 464 3068 autem
487 3010 542 3068 sub
564 3009 668 3069 Plauti
690 3013 810 3068 nomine
837 3011 1006 3070 comoediae
1036 3012 1155 3069 circiter

138 3104 255 3158 centum
265 3102 355 3174 atque
365 3099 504 3174 triginta,
512 3100 563 3158 sed
572 3100 660 3158 homo
671 3099 888 3159 eruditissimus
898 3099 930 3156 L.
941 3099 1044 3158 Aelius
1057 3093 1109 3178 [fr.
1118 3094 1153 3178 4]

97 3209 122 3247 aa
138 3191 268 3262 quinque
284 3193 313 3246 et
327 3188 436 3264 viginti
455 3190 518 3247 eius
533 3206 595 3247 esse
613 3188 690 3247 solas
710 3190 900 3248 existimavit.
937 3208 1032 3263 neque
1051 3193 1153 3246 tamen

137 3276 258 3335 dubium
278 3280 332 3351 est,
350 3279 423 3352 quin
442 3278 543 3350 istaec,
565 3296 642 3353 quae
661 3279 789 3353 scriptae
809 3297 827 3334 a
845 3276 953 3336 Plauto
972 3296 1032 3335 non
1051 3278 1152 3336 viden-

135 3369 186 3424 tur
209 3369 239 3425 et
261 3365 376 3425 nomini
399 3366 462 3424 eins
486 3365 673 3439 addicuntur,
702 3369 835 3424 ueterum
862 3369 1018 3441 poetarum
1041 3367 1155 3425 fuerint

136 3458 167 3512 et
198 3455 235 3512 ab
269 3474 303 3514 eo
335 3457 514 3512 retractat-ae
546 3449 619 3532 (et)
651 3454 798 3530 expolitae
836 3455 897 3514 sint
928 3472 962 3513 ac
993 3460 1154 3531 propterea

123 3544 277 3615 resipiant
296 3544 402 3601 stilum
425 3542 608 3603 Plautinum.
652 3543 805 3603 sedenim
829 3543 1015 3602 Saturionem
1040 3548 1069 3603 et
1092 3545 1154 3602 Ad-
