2422 3840
123 179 190 244 560
290 179 495 234 Grammatioae
514 180 617 234 aetatis
636 179 798 248 Augusteae
816 178 976 248 fragmenta

571 351 590 406 9
630 351 674 406 36
789 365 792 370 ·

191 457 270 514 inter
292 455 457 530 proieotum
481 459 511 513 et
533 342 698 514 immi[ssu1L
720 455 777 513 hoo
799 455 941 513 interesse
966 456 1010 512 ait
1033 452 1141 528 Labeo,

124 545 206 620 quod
233 545 399 619 proiectum
429 547 506 603 esset
533 544 565 603 id
592 543 672 620 quod
698 545 744 602 ita
771 544 983 618 proveheretur
1011 546 1045 601 ut
1073 562 1141 602 nus-

125 652 215 708 quam
237 635 442 709 requiesceret,
466 634 569 708 qualia
591 633 749 692 maeniana
768 635 799 691 et
817 632 1006 710 suggrundae
1030 635 1141 708 essent,

123 722 289 781 immissum
304 725 410 796 autem,
430 720 509 798 quod
527 725 572 780 ita
585 721 670 781 fieret
683 724 718 780 ut
733 723 833 798 aliquo
852 722 917 780 loeo
935 723 1141 796 requieseeret,

96 812 218 875 evoluti
242 812 327 888 tigna
349 810 507 887 trabesque
531 811 761 869 inmitterentur.

195 902 237 954 Di
255 942 261 954 .
281 903 490 967 50,1o,242,1
518 900 665 954 Iavolenus
688 900 760 954 libro
784 900 905 954 seeundo
924 915 960 953 ex
980 899 1149 968 posteriori·'

125 972 175 1025 bus
195 918 342 1026 Lageonis.
362 1004 395 1012 -
414 987 474 1026 iuter
488 986 611 1034 proiectum
625 1003 653 1012 -
665 986 820 1026 inmitteretur.

125 1150 149 1205 O
195 1083 211 1131 ὅ
230 1079 264 1133 tr.
280 1094 352 1146 quae
369 1078 559 1133 inmitteretur
573 1079 650 1134 codd.
669 1079 819 1145 trabesque
834 1094 906 1146 quae
920 1077 1143 1131 immitterentur

147 1166 236 1204 rarior

191 1334 314 1395 viduam
337 1355 396 1394 non
416 1335 512 1394 solum
531 1355 605 1409 eam,
629 1355 705 1411 quae
724 1335 886 1411 aliquando
909 1337 1005 1409 nupta
1027 1335 1143 1408 fuisset,

124 1424 175 1484 sed
206 1444 271 1483 eam
303 1443 420 1500 quoque
452 1426 621 1499 mulierem,
654 1444 730 1500 quae
759 1425 857 1483 virum
887 1443 946 1482 non
978 1424 1142 1496 habuisset,

125 1513 273 1588 appellari
296 1513 340 1571 ait
357 1512 466 1588 Labeo,
489 1516 560 1590 quia
578 1514 669 1574 vidua
692 1515 734 1572 sio
758 1514 838 1572 diota
862 1516 907 1571 est
931 1513 1017 1588 quasi
1040 1531 1142 1573 vecors

123 1620 262 1676 vesanus,¹
278 1602 331 1677 qui
350 1602 413 1660 sine
433 1602 519 1662 eorde
538 1607 591 1661 aut
608 1603 737 1661 sanitate
757 1613 847 1677 esset,
867 1601 1006 1662 similiter
1019 1602 1143 1675 viduam

96 1689 236 1749 idiotam
259 1709 321 1750 osse
345 1691 407 1748 sine
432 1693 555 1750 duitate.

195 1782 238 1835 Di
255 1822 261 1834 .
281 1781 658 1848 50,16,242,3Iav01enus
681 1780 753 1835 libro
778 1779 900 1835 seeundo
927 1797 961 1833 ex
979 1780 1144 1849 posteriori·

123 1851 176 1904 bus
196 1799 341 1907 Labeonis.
362 1885 395 1892 -
414 1867 506 1906 nouam
519 1885 546 1893 —
560 1867 652 1907 outae.

480 2081 665 2137 INOERTAE
685 2082 785 2136 SEDIS

435 2219 475 2274 11
505 2211 566 2295 [De
588 2218 652 2275 iure
669 2220 750 2290 pout.
772 2210 828 2294 19]

192 2324 312 2382 oliviam
337 2342 454 2397 quoque
478 2342 563 2382 avem
587 2323 776 2398 abantiquis
798 2323 983 2381 nominatam
1007 2322 1143 2380 animad-

124 2414 208 2472 verto
236 2411 383 2489 ignorari,
414 2412 536 2487 quidam
564 2412 771 2471 clamatoriam
798 2411 915 2485 dieunt,
945 2409 1046 2470 Labeo
1075 2430 1143 2488 pro-

125 2501 307 2560 bibitoriam.

197 2593 271 2644 Plio.
287 2608 314 2643 a.
329 2593 354 2645 b.
371 2595 414 2655 10,
429 2595 465 2645 37
483 2605 796 2652 cliviam-prohibitoriam.
824 2590 907 2643 Paul.
924 2588 997 2642 Fest.
1007 2605 1039 2658 p,
1056 2594 1145 2656 6110

125 2661 210 2715 clivia
230 2661 356 2729 auspicia
375 2660 516 2727 dicebant,
536 2677 608 2729 quae
623 2661 733 2730 aliquid
752 2661 811 2714 fieri
825 2659 1027 2728 prohibebant,
1047 2662 1144 2714 omnia

125 2734 200 2786 euim
220 2732 349 2785 difficilia
368 2731 452 2786 clivia
471 2733 617 2799 vocabant,
636 2733 711 2786 undo
731 2736 758 2786 et
777 2731 842 2785 olivi
860 2731 924 2786 loca
943 2730 1040 2785 ardua.

412 2884 455 2942 12
479 2877 542 2961 [Aa
559 2888 654 2956 praet.
678 2885 753 2957 ossio.
775 2877 853 2962 116]

193 2990 314 3066 cognati
333 2990 478 3065 appellati
496 2993 567 3048 sunt
586 2991 672 3064 quasi
691 3009 725 3047 ex
743 3007 803 3048 uno
822 2990 887 3046 neti
906 2990 967 3063 aut,
988 2992 1024 3046 ut
1043 2989 1143 3049 Labeo

123 3079 177 3151 ait,
202 3080 286 3152 quasi
310 3096 463 3137 commune
486 3079 627 3137 nascendi
649 3080 768 3136 initium
790 3078 957 3136 habuerint.

196 3177 263 3248 Dio.
283 3181 329 3242 38,
342 3181 369 3243 8,
384 3182 439 3243 1,1
473 3175 611 3245 Ulpianus
637 3177 709 3230 libro
736 3175 970 3246 quadragensimo
999 3180 1080 3230 sexto
1107 3179 1145 3231 ad

123 3248 257 3301 edictum.
278 3280 311 3287 —
330 3262 422 3311 cognati
440 3251 534 3301 autem
554 3273 604 3311 app.
618 3281 646 3288 -
658 3262 784 3302 habuerint.

412 3383 452 3440 13
477 3375 541 3462 [Ao
559 3385 654 3454 praet.
678 3382 754 3454 oflto.
774 3375 852 3459 114]

173 3492 261 3555 inter
281 3493 402 3556 donum
428 3497 458 3558 st
483 3511 598 3554 munus
616 3491 679 3552 boo
698 3490 837 3561 interest,
855 3487 936 3560 anob
950 3487 1031 3543 inter
1052 3508 1145 3562 genus

83 3581 121 3640 ⁶5
151 3591 320 3670 speeiem
357 3612 437 3654 nam
473 3607 577 3673 genus
613 3603 681 3648 esse
711 3581 828 3641 bonum
848 3573 956 3630 Labeo
982 3589 1005 3626 a
1028 3572 1165 3628 bononie
