2422 3840
350 169 481 224 Lutatius
499 169 623 224 Catulus.
661 171 691 226 L.
710 170 843 225 Afranius
1041 171 1105 236 123

520 339 539 396 5
562 331 666 418 [deest]

150 465 210 505 nox
232 445 322 521 quod,
350 447 386 502 ut
409 443 533 504 Catulus
557 446 609 521 ait,
640 446 741 504 omnia
763 446 822 504 nisi
844 447 1028 505 interveniat
1050 447 1105 522 sol,

79 536 193 610 pruina
225 533 424 612 obriguerint,
461 534 541 609 quod
573 537 660 593 nocet
692 554 763 608 nox,
797 535 855 594 nisi
889 534 968 609 quod
1000 554 1105 613 graece

81 623 139 696 νύξ
163 642 231 683 nox.
660 624 663 628 ’

160 706 251 759 Varro
268 703 336 758 ibid.
356 708 387 768 6,
406 709 424 758 6
448 728 495 757 nox
514 718 576 766 quoa
594 736 627 744 —
647 730 700 758 nox.
738 705 773 770 cf.
792 704 865 759 Suet.
885 706 942 759 rell.
958 723 988 774 p.
1005 709 1059 759 159
1069 706 1105 761 R.

80 775 157 830 Sero.
172 777 243 830 Aeo.
260 779 285 840 1,
299 777 345 829 89.
374 775 443 829 leid.
459 791 497 829 or.
513 779 538 843 5,
555 780 638 841 31,1.
673 777 746 846 Virp.
762 776 794 830 de
808 792 927 847 coycom.
944 777 1028 831 XIV.

149 1014 200 1072 hic
227 1014 291 1074 dies
318 1015 491 1090 appellatur
516 1017 561 1073 ita
590 1008 830 1095 [tubilustrium],
862 1017 940 1091 quod
968 1016 1000 1074 in
1028 1018 1105 1076 atrio

85 1102 199 1164 sutorio
217 1103 283 1162 tubi
306 1103 481 1178 lustrantur,
506 1103 613 1178 quibus
632 1107 664 1163 in
683 1107 774 1164 sacris
793 1108 927 1167 utuntur.
965 1105 1105 1165 Lutatius

82 1192 206 1268 quidem
229 1192 347 1251 clavam
369 1212 436 1251 eam
460 1193 503 1251 ait
527 1211 589 1252 esse
612 1195 644 1251 in
667 1194 756 1252 ruina
777 1190 900 1271 Pala<ti
929 1190 1064 1270 in>eensi
1088 1215 1105 1253 a

83 1279 180 1341 Gallis
203 1283 362 1356 repertam,
386 1300 446 1357 qua
468 1282 613 1341 Romulus
637 1282 740 1340 urbem
763 1282 997 1360 inauguraverit.

155 1371 236 1426 Fut.
247 1372 348 1426 pram.
359 1388 386 1426 a.
394 1372 421 1425 d.
430 1373 461 1426 X
469 1373 537 1425 Kal.
548 1375 618 1441 Apr.
631 1372 696 1427 CIL
704 1373 782 1426 1315
796 1387 833 1426 hic
841 1387 888 1427 dies
896 1406 922 1412 -
929 1388 1105 1437 inauguraverit.

416 1633 460 1716 L.
493 1630 772 1718 AFRANIUS

485 1805 534 1860 EX
553 1806 705 1861 FABULIS

376 1944 393 1997 1
419 1933 521 2018 [SRP
536 1941 580 1997 ΙΙ
598 1959 624 1999 o.
645 1943 689 2000 23
703 1933 816 2021 Ribb.³]

642 2047 737 2106 alius
761 2051 816 2106 est
839 2068 944 2123 amor,

247 2118 340 2176 alius
364 2117 495 2193 cupido

155 2206 230 2262 Sero.
249 2208 527 2273 Daa.Aea.4,194
546 2207 752 2280 (cupidinem)
771 2211 879 2263 veteres
899 2210 1107 2264 inmoderatum

82 2293 209 2332 amorem
238 2278 377 2334 dicebant.
415 2278 548 2332 Afranius
567 2284 585 2346 †
609 2281 719 2333 neraria
743 2280 898 2351 [cinerario
918 2283 1107 2351 probaverunt

80 2350 233 2404 Hennaea
250 2356 275 2404 et
293 2349 401 2421 Rebb.]:
421 2365 480 2404 anus
494 2382 527 2390 —
542 2365 630 2412 cupido.
663 2352 698 2417 cf.
715 2351 782 2406 Octo
795 2352 832 2419 fr.
848 2359 890 2406 11.

524 2486 547 2543 2
570 2477 664 2562 [221]

151 2588 290 2648 amabit
312 2591 472 2665 sapione,
496 2591 644 2667 cupient
667 2594 787 2650 ceteri.

156 2679 408 2748 Noo.p.421,12
426 2679 529 2748 cupido
548 2682 577 2734 et
596 2697 674 2734 amor
691 2681 768 2733 idem
787 2681 946 2750 significare
965 2682 1105 2749 videntur,

83 2752 113 2804 et
136 2751 181 2804 est
204 2748 361 2804 diversitas.
394 2751 497 2819 cupido
520 2752 595 2804 enim
614 2752 838 2806 inconsideratae
858 2755 902 2807 est
919 2753 1106 2820 necessitatis,

82 2837 163 2875 arnor
184 2819 293 2875 iudicii.
309 2852 342 2860 -
357 2820 490 2875 Afranius
509 2822 539 2875 in
555 2821 666 2876 Omine:
686 2838 771 2877 amaon
785 2855 818 2863 -
833 2839 908 2879 cetea
940 2825 1013 2880 Sero.
1029 2826 1106 2880 Dan.

83 2895 155 2948 Aen.
170 2896 201 2958 4,
216 2896 271 2947 194
293 2891 499 2965 (cupidinem)
522 2896 630 2947 veteres
653 2894 861 2948 inmoderatum
885 2910 1008 2950 amorem
1032 2897 1108 2950 dice-

83 2964 162 3018 bant.
200 2963 334 3017 Afranius
353 2963 497 3019 Oinerario
523 2965 571 3035 [fr.
587 2966 615 3036 1]
635 2983 699 3019 ee:
729 2984 805 3021 amant
818 2999 845 3006 —
859 2981 933 3021 cetera
967 2969 1106 3037 (lacunam

82 3036 206 3105 eiqnaoit
220 3035 338 3089 Ribbeck
354 3036 437 3090 ‘idem
451 3037 482 3089 ia
499 3036 603 3091 Omiae'
615 3037 746 3091 eccidisse
760 3041 856 3108 ratas).
887 3041 971 3107 Apol.
987 3041 1059 3107 apol.
1072 3044 1107 3093 12

83 3108 256 3176 quapropter
284 3137 317 3146 -
345 3106 541 3175 pereleganter
567 3107 701 3161 Afranius
729 3109 782 3163 hoc
811 3109 947 3178 scriptum
974 3110 1104 3178 reliquit:

85 3191 219 3232 amabit-
234 3192 309 3232 ceteri

156 3247 266 3302 amabit
292 3248 393 3316 (ambit
411 3266 469 3304 noa
486 3251 559 3303 colli
577 3250 665 3316 codd.)
694 3251 805 3318 sapiens
829 3252 905 3307 Noa.
938 3253 1035 3306 amant
1063 3270 1106 3304 sa·

84 3321 195 3389 pientes
214 3319 289 3376 Sero.
363 3320 481 3388 cupiunt
499 3320 589 3374 Servii
602 3323 741 3387 Ambrae,
759 3323 865 3376 Daniel

538 3457 558 3511 3
597 3456 641 3513 29

149 3560 298 3618 Terenti
320 3579 400 3616 nom
422 3448 740 3626 similem[di{3etis
766 3562 1004 3645 qnempiam}
