2422 3840
429 198 466 252 M.
486 199 633 253 Terentius
652 197 741 252 Varro
1027 199 1090 262 341

77 362 200 414 atumem
219 376 236 413 a
254 358 351 413 multis
369 362 435 427 post
453 359 542 428 patris
561 361 679 414 mortem
696 357 782 413 etiam
796 376 870 412 nune
880 357 1031 428 appellari.
1058 361 1093 428 ef.
1183 345 1185 350 ⁴

77 433 136 486 lue.
157 432 189 486 de
203 435 384 500 0100010003.
413 432 488 485 Plut.
506 432 662 486 00010111.
693 431 786 500 Quint.
802 436 827 496 1,
841 436 867 496 4,
880 435 926 485 25.

150 537 245 592 deine
263 555 367 592 xanum
458 542 473 590 5
493 537 620 592 Postumi
641 539 712 594 Ura:
733 537 864 591 Postume

539 690 633 747 *362

148 798 240 875 vulgo
268 816 402 874 purpura
431 797 537 855 latiore
564 797 683 855 tunicae
710 813 779 854 usos
808 797 975 855 invenimus
1004 797 1096 854 etiam

77 904 251 963 praesedeo,
284 888 361 945 sieut
389 889 506 962 patrem
532 885 565 944 L.
589 885 670 943 Aelii
697 884 821 944 Stilonis
851 885 1027 944 Praeeomni
1057 885 1094 945 ob

79 977 110 1035 id
135 976 346 1053 cognominati.

150 1075 226 1128 Plio.
240 1093 268 1128 a.
283 1075 308 1127 b.
324 1078 368 1140 33,
381 1078 419 1129 29
438 1072 516 1127 anuli
531 1073 683 1128 distinxere
698 1071 818 1127 alterum
832 1072 958 1127 ordinem
973 1091 990 1126 a
1003 1073 1095 1142 plebe,

77 1148 110 1200 ut
129 1144 215 1200 semel
234 1147 385 1214 coeperant
403 1162 463 1200 esse
482 1144 619 1211 celebres,
643 1144 716 1199 sieut
734 1144 831 1198 tunioa
850 1145 885 1198 ab
905 1144 996 1198 anulis
1016 1162 1096 1200 sena-

77 1220 152 1356 {mg
150 1234 347 1344 251uamquam
367 1218 395 1270 et
412 1217 466 1271 hoe
485 1233 555 1283 sero,
574 1231 698 1285 vulgoque
713 1241 813 1278 purpura
826 1249 852 1256 -
866 1230 1023 1280 cognomines.
1060 1218 1095 1284 ef.
1182 1258 1190 1271 ,

90 1306 113 1344 r.
189 1330 195 1342 .

536 1421 630 1479 *363

145 1529 305 1588 Proculum
328 1531 408 1588 inter
431 1529 607 1607 cognomine
630 1548 697 1586 eum
721 1529 833 1603 dieunt,
864 1529 917 1604 qui
939 1530 1028 1586 natus
1052 1531 1097 1587 est

79 1622 165 1694 petre
195 1620 404 1695 peregrinante
435 1639 452 1677 a
482 1620 583 1695 patria
614 1618 726 1692 procul.
771 1617 914 1676 Proculos
944 1619 1014 1676 sunt
1044 1619 1097 1692 qui

81 1708 203 1767 eredunt
230 1708 298 1766 ideo
327 1709 435 1782 dictos,
467 1710 539 1783 quia
568 1706 704 1783 patribus
733 1707 851 1766 senibus
880 1708 965 1781 quasi
992 1707 1096 1781 procul

79 1799 243 1874 progressis
268 1800 365 1856 aetate
389 1799 453 1856 neti
477 1798 554 1855 sunt.

151 1896 233 1950 Paul.
252 1897 326 1950 Fest.
346 1913 376 1964 Ρ.
396 1900 494 1962 225,2
520 1909 639 1948 Proculum
653 1926 679 1933 -
693 1911 751 1949 sunt.
792 1896 826 1961 cf.
847 1896 922 1948 ΡΜ.
944 1894 1041 1949 001101.
1063 1900 1096 1948 11

80 1963 226 2040 (συντυχίᾳ
240 1965 389 2036 γενέσεως).
423 1969 481 2021 Ine.
501 1967 534 2020 de
550 1982 690 2034 praelium.
701 1969 726 2018 3.
758 1965 1097 2031 GGLV607,11P10-

80 2037 158 2092 culus
173 2039 223 2106 qui
237 2042 318 2107 patre
333 2038 444 2108 longius
459 2035 657 2107 peregrinante
671 2036 806 2091 nascitur.
834 2037 869 2103 of.
884 2036 966 2092 0613
981 2037 1024 2090 VI
1035 2040 1096 2090 135.

538 2207 632 2266 *364

146 2315 232 2374 laeva
263 2314 398 2389 sinistra,
436 2333 525 2389 quam
558 2313 663 2372 Graeci
695 2313 814 2388 σκαιάνς
851 2313 931 2372 unde
967 2315 1097 2372 tractum

83 2422 246 2483 cognomen
271 2403 420 2463 Scaevola.

151 2503 233 2556 Paul.
249 2502 280 2556 F
278 2509 322 2557 681.
338 2519 368 2570 p.
385 2506 446 2568 117,
462 2507 479 2555 6
497 2517 562 2556 laeva
576 2534 602 2540 -
616 2515 729 2557 Scaevola.
771 2501 860 2555 Varro
878 2501 910 2554 de
929 2502 946 2554 l.
966 2501 1000 2554 L.
1021 2505 1046 2567 7,
1061 2504 1098 2554 97

79 2573 174 2642 pueris
193 2572 335 2642 turpicula
353 2590 397 2628 res
417 2574 447 2626 in
467 2573 538 2627 eollo
557 2574 696 2642 quaedam
711 2572 898 2642 suspenditur,
917 2571 1035 2640 nequid
1050 2571 1097 2625 ob-

80 2644 131 2710 sit,
159 2645 250 2698 bonae
279 2661 394 2699 scaevae
422 2662 507 2699 eausa
535 2644 668 2699 Scaevola
696 2643 848 2713 appellata.
895 2660 929 2697 ea
957 2642 1034 2697 dieta
1062 2643 1097 2696 ab

80 2732 179 2770 scaeva
197 2715 227 2768 id
247 2720 290 2769 est
313 2717 427 2771 sinistra
445 2748 487 2769 -.
521 2715 551 2768 id
570 2733 587 2769 a
606 2715 712 2770 Graeco
732 2718 787 2782 est,
811 2715 887 2783 quod
905 2714 936 2767 hi
956 2713 1098 2769 sinistram

79 2791 181 2842 vocant
199 2787 309 2842 enutrio.
347 2789 382 2854 ef.
404 2790 476 2843 Plut.
496 2787 575 2857 Popl.
591 2791 633 2842 17.

153 2902 166 2948 1
187 2912 270 2949 seean
290 2896 354 2949 boni
371 2895 448 2948 codd.

542 3046 637 3105 *365

149 3153 336 3231 pampinatio
359 3153 482 3212 inventa
504 3156 601 3229 primo
626 3153 743 3211 Stoloni
766 3152 848 3211 dedit
870 3171 985 3210 nomen.

153 3252 227 3306 Ptin.
246 3269 274 3304 n.
293 3253 319 3304 lt.
341 3255 417 3318 17,7
443 3249 486 3305 ita
510 3251 600 3322 [stolo]
624 3249 786 3320 appellatur
808 3250 838 3303 in
860 3249 930 3319 ipsis
952 3250 1098 3304 arboribus

80 3323 226 3377 fruticatio
245 3321 364 3387 inutilis,
382 3323 458 3375 unde
477 3325 506 3376 eb
519 3337 657 3384 pampinatio
671 3354 697 3361 -
710 3348 798 3376 nomen
822 3323 984 3376 Verrem.
1000 3326 1098 3388 1,2,9

80 3395 130 3463 qui
162 3395 203 3465 [0.
224 3395 354 3448 Licinius
378 3393 464 3464 Stolo]
496 3397 612 3462 propter
641 3392 821 3463 diligentiam
853 3393 980 3447 culturae
1008 3393 1098 3447 Stolo·

79 3484 147 3519 num
167 3465 342 3519 confirmavit
361 3481 523 3534 cognomen,
543 3466 618 3533 quod
637 3464 732 3518 nullus
749 3465 783 3519 iu
798 3465 863 3518 eius
877 3463 973 3516 tundo
987 3461 1120 3526 sessim

80 3540 192 3606 poterat
210 3536 289 3602 stolo,
310 3537 384 3605 quod
403 3535 559 3593 effodiebat
579 3538 691 3595 eiroum
708 3537 830 3594 arbores
848 3552 867 3590 e
882 3531 1043 3586 rediemus
1059 3537 1141 3592 smus

71 3609 254 3663 nascerentur
271 3625 287 3662 e
305 3608 375 3679 solo,
396 3627 469 3682 quos
490 3611 624 3672 stolones
643 3611 859 3687 appellabant.
