2422 3840
122 159 188 223 528
294 160 500 215 Grammaticus
520 162 622 215 aetatis
641 162 803 231 Augusteae
822 162 981 231 fragmenta

409 374 458 427 DE
477 374 647 429 VERGILIO
667 375 858 429 LIBRORUM

194 502 263 568 quin
286 501 381 554 Iulius
405 501 539 570 Hyginus
564 501 695 555 librorum
720 501 752 553 de
776 500 895 570 Verydio
919 502 1036 569 scriptor
1063 501 1142 570 (Geli.

121 572 157 638 fr.
174 573 201 639 3)
221 577 246 625 61
259 573 391 641 Hyginus
410 572 450 639 (in
466 573 586 625 lemmate
602 572 706 626 ‘Iulius
719 571 874 642 Hypinns')
890 576 1143 627 commentariorum

122 641 160 696 ad
185 642 334 712 Vergilium
352 643 432 711 (Gell.
451 643 488 709 fr.
507 645 534 711 4)
558 660 632 697 unus
657 644 779 711 idemque
800 645 879 698 bomo
902 644 950 709 sit,
972 646 1053 697 nulla
1076 646 1144 698 mibi

123 714 261 768 dubitatio
280 720 319 768 est
337 714 381 782 (cf.
400 716 436 780 fr.
456 718 474 768 6
491 714 673 782 reprehendit
691 714 778 767 Iulius
797 715 935 784 Hyginus,
955 715 990 780 fr.
1011 720 1029 768 7
1050 731 1143 785 repre-

122 785 223 838 hendit
233 784 361 854 Hyginus
376 785 408 839 de
419 785 537 855 Vergilio
546 793 659 854 utroque
669 787 700 839 in
710 788 785 854 loco),
797 788 847 854 qui
857 787 916 840 sinc
928 787 1011 840 dubio
1021 787 1144 856 Augusti

124 857 235 910 libertus
253 863 292 910 est
310 858 353 924 (cs.
370 858 463 910 Bantc
477 859 494 910 l.
510 874 531 910 c.
543 874 573 924 p.
588 859 690 926 3111),
710 859 771 911 licet
789 858 878 911 denuo
895 859 1040 911 recentiori
1058 865 1144 912 aetate

124 929 246 997 Borpius
268 929 349 982 aliter
370 929 472 982 sentiat
495 929 536 995 (dc
555 935 664 995 tempor.
684 929 783 996 quibus
802 929 877 996 Vero.
897 929 1022 998 georgica
1040 931 1144 999 scripta

123 1005 149 1052 et
169 1000 242 1065 perf.
266 1000 330 1052 sint.
354 1001 422 1053 Hal.
447 999 512 1053 San.
529 1003 601 1053 1875
623 1003 710 1067 1128
736 1000 801 1052 adn.
822 1003 880 1068 57),
906 1001 955 1068 qui
978 1002 1145 1054 verecundae

124 1071 236 1140 Hypini
257 1071 289 1124 in
313 1071 462 1140 Vergilium
485 1071 686 1124 obtrectationis
709 1072 809 1124 oblitus
832 1072 972 1140 (Gellio,
991 1076 1036 1138 16,
1056 1076 1080 1125 1.
1101 1077 1143 1125 11.

124 1144 161 1196 18
176 1167 210 1185 =
224 1143 259 1208 fr.
281 1143 356 1210 7sq.)
375 1142 407 1194 in
429 1143 486 1195 oita
505 1142 614 1197 Donati
637 1142 708 1196 inter
726 1143 841 1209 putidos
863 1144 1057 1196 homunciones
1080 1142 1144 1197 Ver-

123 1213 187 1282 pilii·
198 1214 385 1266 obtrectatores
394 1213 540 1283 Hyginum
550 1214 691 1267 nominari
701 1213 822 1267 debuisse
832 1220 923 1282 putat.
948 1215 1014 1267 libri
1026 1215 1144 1282 inscrip-

125 1285 225 1337 tionem
245 1284 352 1338 idoneis
374 1286 542 1353 arpumentis
560 1285 748 1338 Kretcscbmer
766 1286 907 1338 constitnit
925 1285 967 1353 (de
988 1285 1057 1340 Geli.
1075 1287 1144 1352 font.

119 1372 150 1426 p.
166 1359 210 1407 17.
231 1359 274 1409 77.
295 1359 355 1424 811·
378 1372 424 1425 epo
447 1372 539 1410 oerum
558 1357 757 1424 propriumque
777 1355 815 1409 od
842 1357 990 1426 Vergilium
1013 1373 1144 1410 commen-

124 1426 228 1480 tarium
245 1428 330 1493 fuisse
348 1428 395 1481 uin
410 1427 569 1480 crediderim
587 1428 631 1495 (of.
642 1428 736 1480 Bnnte
746 1444 775 1495 p.
785 1431 867 1495 2961.
897 1428 1016 1482 Ribbeck
1031 1445 1061 1496 p.
1072 1431 1145 1496 117).

124 1497 188 1550 linio
205 1501 353 1551 sententiae
378 1515 412 1551 ne
434 1498 465 1551 id
490 1498 598 1566 quidem
622 1499 704 1564 fauet,
727 1499 798 1566 quod
825 1499 930 1553 Gellius
953 1501 1069 1568 (10,16)
1093 1507 1146 1553 tres

124 1569 244 1622 eiusdem
271 1570 407 1623 Aeneidos
435 1570 500 1622 libri
527 1571 597 1623 locos
624 1569 671 1623 sed
698 1586 741 1623 eos
768 1585 824 1623 non
851 1572 995 1624 continuos
1023 1572 1058 1638 (o.
1081 1575 1144 1625 365.

125 1643 188 1695 122.
208 1644 265 1694 838
285 1641 349 1694 libri
368 1641 421 1708 VI)
440 1646 570 1694 memorat
588 1641 734 1710 Hyginum
752 1642 898 1707 manifesto
916 1648 1031 1696 secutus.

584 1784 605 1840 3
647 1783 665 1840 5

193 1889 241 1946 lib.
256 1889 314 1948 IV.
349 1908 436 1963 quae
460 1889 586 1948 bidens
610 1776 819 1962 ett]hostia‚
844 1892 990 1964 oportet
1013 1891 1147 1949 habeat

125 1977 254 2036 dentes
279 1980 371 2051 octo,
400 1979 461 2037 sed
485 1998 524 2036 ex
547 1979 602 2036 his
631 1979 697 2036 duo
726 1980 857 2037 ceteris
887 1978 1056 2052 altiores,
1083 1999 1147 2055 per

127 2085 214 2142 quos
239 2070 413 2142 appareat
436 2087 475 2125 ex
498 2069 633 2125 minore
658 2069 777 2125 aetate
801 2069 837 2124 in
856 2069 1026 2125 maiorem
1046 2071 1145 2126 tran-

125 2156 319 2215 scendisse.

199 2253 267 2308 Geli.
283 2259 326 2320 16,
341 2259 366 2319 6,
381 2259 415 2307 14
434 2254 563 2323 Hyginus
580 2258 675 2308 tamen
689 2253 777 2307 Iulius
792 2286 825 2293 —
840 2254 870 2306 in
885 2257 986 2321 quarto
1000 2255 1145 2323 librorum,

126 2340 195 2392 quos
216 2326 251 2378 de
265 2325 391 2394 Vergilio
410 2325 487 2393 iecit,
506 2325 636 2379 bidentes
651 2324 789 2394 appellari
806 2326 919 2394 scripsit
936 2326 1052 2392 hostias,
1072 2343 1146 2394 quae

126 2412 177 2464 per
195 2399 318 2449 aetatem
337 2397 406 2450 duos
430 2397 528 2450 dentes
552 2396 668 2450 altiores
690 2396 834 2450 haberent.
873 2397 957 2450 verba
982 2397 1060 2450 illius
1083 2398 1147 2467 ipsa

127 2467 222 2535 posui:
242 2494 299 2530 quae
313 2484 334 2522 b.
350 2485 382 2522 eet
400 2468 493 2536 inquit
511 2483 625 2522 hostia-
638 2482 805 2522 transcendisse.
833 2467 903 2521 haec
922 2468 1029 2537 Hygini
1049 2470 1145 2537 opinio

127 2555 163 2591 an
186 2555 254 2591 vera
277 2539 326 2604 sit,
353 2556 409 2592 non
435 2539 608 2609 argumentis
635 2539 684 2593 sed
710 2539 799 2592 oculis
824 2538 912 2592 videri
937 2541 1040 2607 potest.
1080 2543 1146 2596 Ma·

127 2610 197 2663 crob.
218 2614 244 2676 6,
264 2615 290 2676 9,
311 2615 327 2662 7
345 2609 474 2680 Hyginus
492 2614 587 2664 tamen
607 2643 639 2650 —
659 2611 689 2663 in
708 2610 806 2679 quinto
828 2611 879 2681 [ito
900 2628 988 2665 errore
1007 2614 1146 2684 Macrob]

126 2680 274 2746 librorum,
300 2698 369 2749 quos
396 2682 430 2734 de
453 2681 579 2750 Vergilio
605 2681 686 2748 fecit,
712 2682 840 2735 bidentes
867 2681 1005 2750 appellari
1033 2683 1148 2752 scripsit

126 2751 248 2817 hostiae,
267 2768 340 2819 quac
362 2771 413 2821 per
432 2755 555 2806 aetatem
574 2754 643 2808 duos
663 2754 761 2807 dentes
785 2752 899 2806 altiores
923 2753 1073 2819 haberent,
1097 2773 1147 2824 per

127 2838 197 2889 quos
223 2839 256 2875 ex
279 2823 385 2877 minore
409 2824 438 2876 in
462 2825 596 2879 maiorem
619 2824 825 2878 transcendisse
849 2826 990 2878 constaret
1013 2827 1147 2880 aetatem.

126 2895 160 2947 dc
173 2912 202 2948 re
212 2896 246 2960 cs.
257 2896 324 2964 Nip.
336 2895 400 2965 Fip.
411 2898 446 2962 fr.
458 2900 502 2950 39.
522 2898 604 2949 Paul.
617 2896 688 2950 Fest.
700 2899 819 2965 p.4,17.
835 2901 932 2961 33,16.
948 2900 992 2961 35,
1003 2901 1028 2950 2.
1047 2902 1092 2965 66,
1104 2904 1146 2952 16,

125 2965 200 3021 Sero.
220 2968 289 3019 Aen.
308 2970 334 3032 4,
349 2970 392 3020 57.
409 2972 434 3032 6,
450 2973 492 3021 39.
515 2968 589 3021 Non.
601 2985 630 3036 p.
647 2971 748 3033 53,13.
771 2966 840 3021 Isid.
855 2984 893 3021 or.
909 2970 953 3032 12,
969 2973 993 3033 1,
1008 2971 1033 3020 9.
1058 2970 1147 3024 Sclrol.

128 3037 160 3088 in
183 3037 291 3090 Lucan.
311 3042 336 3102 1,
352 3041 413 3091 667.
459 3040 589 3093 Ps·Acro
612 3040 681 3092 Hor.
707 3056 789 3092 carm.
810 3043 835 3105 3,
850 3042 895 3105 23,
910 3043 952 3092 14.
992 3039 1080 3094 obn
1103 3043 1153 3096 IV

128 3111 192 3174 529,
208 3112 251 3161 18.
277 3109 303 3162 V
319 3112 381 3176 172,
396 3113 440 3163 38.
461 3114 524 3175 616,
538 3114 583 3163 29.

200 3222 215 3267 2
234 3215 270 3268 iis
288 3218 419 3270 nonnulli
436 3217 512 3270 codd.
604 3217 673 3269 duos
693 3218 785 3270 Paris.

588 3360 607 3413 4
649 3362 667 3415 1

187 3486 294 3528 versus
326 3469 403 3530 istos
439 3487 475 3528 ex
508 3351 657 3548 georgiets
669 3352 705 3521 11
713 3465 813 3541 srg'nir
839 3459 983 3543 112461
1011 3467 1148 3544 plerique

94 3574 212 3622 omnes
243 3564 293 3624 sio
323 3563 456 3646 legunt:
490 3557 545 3622 ‘at
575 3577 667 3636 sapor
696 3554 847 3613 indiam
868 3553 962 3607 166161
985 3557 1158 3612 nnnnssnn
