2422 3840
114 208 182 273 414
264 207 470 262 Grammatioae
489 203 596 263 aetatis
612 208 801 264 varronianae
820 209 980 281 fragmenta

114 385 294 455 καταφανῶς
312 376 458 457 χρώμενα·
482 377 525 448 τίς
544 376 600 436 οὐκ
617 374 655 436 δν
669 377 748 438 εἴποι
766 375 814 438 ἐπὶ
832 386 933 455 κῶμον
947 373 1135 457 Ἑλληνικῶς

114 474 301 545 κωμισσᾶτον
324 463 471 544 λέγεσθαι,
495 463 544 525 καλ
567 466 600 528 τὸ
624 465 743 546 κεράσαι
764 474 886 546 μισκῆρε
908 459 982 526 καθ’
995 463 1131 548 Ὅμηρον

116 550 182 632 [Od.
200 559 250 623 10,
266 549 347 634 356]
368 549 397 630 ‘ci
414 546 442 613 δ’
459 545 524 613 αὖτ’
542 553 574 614 έν
588 563 711 634 κρητῆρι
726 555 891 635 μελίφρονα
905 549 990 616 οἶνον
1004 551 1129 636 ἕμισγε·’

113 640 163 704 καλ
191 652 309 722 μῆνσαν
337 639 391 721 μὲν
418 641 473 720 τῆν
501 644 644 724 τράπεζαν
673 642 732 704 άπὸ
761 654 812 723 τῆς
839 642 872 703 έν
900 642 977 729 μέσφ
1005 643 1129 725 θέσεως,

73 757 98 799 ιι
112 742 210 810 κᾶνεμ
229 728 259 791 δὲ
278 731 330 792 τὸν
344 728 434 812 άρτον
453 728 493 804 ὡς
511 729 630 798 ἀνιέντα
648 731 703 810 τὴν
717 738 835 794 πεῖναν·
859 732 910 793 τὸν
930 730 961 793 δέ
979 732 1130 811 στέφανον

112 829 249 902 κορῶναν
268 818 327 880 άπὸ
346 829 398 899 τῆς
416 824 556 900 κεφαλῆς,
575 817 758 901 διςὌμηρος
778 822 814 898 [1
816 825 834 881 λ.
850 827 879 890 7,
891 817 948 902 12]
967 821 1000 882 τδ
1018 824 1129 902 κράνος

111 909 208 970 εἴκασέ
222 931 281 970 τιον
296 910 440 995 στεφάνη·
460 905 529 989 'stt
544 907 575 970 δὲ
590 915 672 991 καῖρε
689 908 752 991 δέρε
769 909 819 970 καὶ
836 908 939 988 δέντης
958 911 1028 984 τοὺς
1042 908 1128 973 ὀδόν·

111 1021 163 1070 τας
177 996 227 1058 καλ
241 998 334 1079 λάβρα
347 996 383 1057 τά
392 998 471 1078 χείλη
486 996 545 1060 άτιδ
556 1007 609 1059 τοῦ
619 999 780 1079 λαμβάνειν
793 998 849 1077 τὴν
858 999 953 1081 βοράν
967 993 1008 1060 δι’
1020 999 1128 1062 αὐτῶν.

182 1090 216 1156 cf.
242 1089 330 1144 Varro
348 1089 381 1144 de
400 1090 416 1141 λ.
437 1091 470 1144 L.
487 1092 513 1156 7,
527 1093 574 1143 89.
594 1095 619 1155 5,
633 1093 695 1144 118.
716 1094 776 1144 165.
798 1095 842 1144 62.
861 1093 922 1144 135.
950 1091 1034 1146 Ρακλ.
1053 1092 1130 1147 Fert.

107 1177 136 1228 p.
151 1163 216 1226 223,
231 1164 256 1214 5.
275 1165 320 1227 41,
335 1163 359 1214 3.
380 1165 424 1227 37,
437 1164 464 1214 2.
494 1161 648 1228 Buecheler,
668 1161 720 1214 Re.
741 1161 816 1216 Mac,
833 1166 878 1227 56,
897 1165 959 1216 321.

183 1262 216 1310 1⁷
234 1257 266 1312 τὸ
286 1257 318 1313 δὲ
337 1257 429 1324 δέρειν
448 1254 560 1325 auleas
579 1259 712 1330 Wytteat.
732 1258 764 1312 τδ
784 1256 810 1312 δ’
834 1258 908 1314 ἔδειν
928 1258 1004 1326 ἔδερε
1023 1261 1129 1315 Bacca.

603 1411 626 1468 2

178 1506 274 1580 Quint.
297 1510 325 1574 1,
344 1509 371 1576 6,
386 1509 430 1564 34
462 1509 592 1566 etiamne
618 1506 768 1565 hominem
796 1507 954 1582 appellari,
986 1509 1059 1583 quia
1086 1509 1129 1568 sit

110 1596 200 1654 humo
228 1599 332 1671 natue,
364 1596 451 1671 qnasi
474 1615 544 1654 vero
566 1616 626 1655 non
650 1595 786 1654 omnibus
815 1595 992 1655 animalibus
1021 1596 1126 1656 eadem

109 1687 207 1761 origo,
241 1688 294 1743 aut
322 1684 369 1742 illi
398 1684 488 1760 primi
519 1687 660 1744 mortales
698 1689 767 1744 ante
801 1703 907 1744 nomen
940 1685 1129 1761 inposuerint

108 1775 207 1832 terrae
231 1793 322 1850 quam
345 1771 426 1832 sibi?

179 1873 213 1939 cf.
229 1873 341 1943 Ηημλκι·
353 1873 479 1939 fabulam
492 1876 549 1928 220
563 1873 739 1938 desinentem
760 1873 843 1927 homo
857 1875 972 1927 vocetur
989 1873 1124 1940 quoniam

108 1943 244 2081 ηᾶωλμιιφφ
256 1943 368 2083 {iiim
382 1959 442 1997 esse
455 1943 548 1997 factus
564 1946 702 2015 (Bemoya
717 1961 758 2012 op.
768 1948 796 2010 2,
805 1948 868 1998 218.
897 1944 1055 2010 Buecheler,
1069 1945 1124 2000 Ιλλι.

603 2097 624 2152 3

160 2191 271 2266 Ι(λιινλιιλ.
284 2197 312 2260 1,
324 2192 352 2256 5,
366 2195 407 2252 66
421 2212 456 2252 ex
470 2192 564 2251 tribus
580 2186 722 2271 [uocibus]
742 2195 861 2251 nostrae
879 2194 982 2267 utique
1001 2193 1124 2270 linguae

107 2299 167 2339 non
177 2283 379 2356 concesserim,
387 2281 523 2356 quamvis
531 2314 573 2323 -
581 2283 774 2341 inveniantur
784 2282 835 2356 qui
843 2280 1020 2356 Lupercalia
1029 2300 1124 2357 aeque

107 2372 162 2428 tris
176 2373 276 2445 partes
291 2371 435 2449 orationis
450 2389 512 2431 esse
527 2368 708 2430 contendant
727 2370 813 2445 quasi
827 2370 908 2428 luere
922 2389 975 2445 per
989 2388 1125 2445 caprum,

178 2471 259 2524 aliter
273 2469 362 2524 Varro
381 2469 413 2524 de
432 2470 448 2523 λ.
469 2470 503 2523 L.
519 2472 602 2536 6,13.

602 2621 621 2676 1

174 2716 247 2776 cell.
271 2718 322 2784 18,
340 2718 404 2781 6,8
440 2715 540 2793 idonei
572 2734 676 2774 vocum
711 2716 902 2790 antiquarum
934 2717 1121 2775 enarratores

104 2803 294 2863 tradiderunt
312 2809 480 2863 matronam
499 2804 611 2863 dictam
629 2821 692 2864 esse
715 2805 842 2880 proprie,
865 2823 942 2880 quae
965 2804 998 2862 in
1015 2807 1120 2864 matri·

105 2893 237 2953 monium
266 2913 332 2953 cum
361 2895 425 2952 viro
454 2894 652 2967 convenisset,
684 2893 783 2969 quoad
810 2894 842 2951 in
869 2911 903 2951 eo
926 2893 1120 2952 matrimonio

104 2988 247 3057 maneret,
267 2983 358 3041 etiam
377 2983 403 3042 si
421 2982 507 3041 liberi
526 2982 657 3040 nondum
675 2985 741 3040 nati
761 2983 867 3056 forent,
886 2982 1056 3058 dictamque
1075 2983 1121 3042 ita

78 3085 168 3132 cesse
191 3090 209 3130 a
232 3072 337 3131 matria
364 3074 483 3130 nomine
510 3089 569 3129 non
599 3071 706 3146 adepto
733 3072 808 3146 iam,
840 3071 892 3130 sed
922 3090 988 3130 cum
1011 3089 1064 3146 spe
1089 3074 1121 3130 et

104 3161 202 3219 omine
224 3180 293 3219 mox
317 3160 509 3236 adipiscendi,
532 3160 610 3240 unde
632 3163 731 3235 ipsum
753 3178 871 3235 quoque
893 3160 1119 3218 matrimonium

103 3249 221 3324 dicitur,
240 3254 366 3308 matrem
386 3251 487 3308 antem
504 3241 635 3307 familias
655 3249 837 3324 appellatam
851 3267 913 3308 esse
930 3267 996 3307 eam
1015 3250 1120 3326 solam,

103 3338 235 3414 quaein
258 3338 360 3397 mariti
387 3339 492 3396 manu‘
506 3337 716 3413 mancipioque
740 3338 846 3397 autin
870 3337 946 3411 eius,
977 3337 1009 3395 in
1033 3339 1118 3398 cuins

101 3427 238 3503 maritus,
261 3446 352 3485 mann
374 3425 583 3502 mancipioque
599 3431 692 3502 esset,
715 3427 857 3501 quoniam
877 3445 936 3484 non
959 3426 992 3484 in
1014 3427 1119 3485 matri·

41 3516 224 3577 amonium
251 3520 382 3596 tanturn,
406 3516 460 3580 sed
483 3518 517 3594 in
535 3515 687 3579 familiam
708 3534 827 3594 qaoque
846 3515 949 3574 mariti
968 3518 998 3574 et
1021 3515 1119 3574 insui

63 3601 196 3669 heredis
215 3609 324 3674 locum
351 3605 501 3678 venisset.
