<?xml version="1.0" encoding="UTF-8"?>
<!DOCTYPE html PUBLIC "-//W3C//DTD XHTML 1.0 Transitional//EN"
    "http://www.w3.org/TR/xhtml1/DTD/xhtml1-transitional.dtd">
<html xmlns="http://www.w3.org/1999/xhtml" xml:lang="en" lang="en">
 <head>
  <title>
</title>
<meta http-equiv="Content-Type" content="text/html;charset=utf-8" />
  <meta name='ocr-system' content='tesseract 3.04.00' />
  <meta name='ocr-capabilities' content='ocr_page ocr_carea ocr_par ocr_line ocrx_word'/>
</head>
<body>
  <div class='ocr_page' id='page_1' title='image "./grammaticaeroma01funagoog_0068.png"; bbox 0 0 2422 3840; ppageno 0'>
   <div class='ocr_carea' id='block_1_1' title="bbox 515 163 1098 227">
    <p class='ocr_par' dir='ltr' id='par_1_1' title="bbox 515 163 1098 227">
     <span class='ocr_line' id='line_1_1' title="bbox 515 163 1098 227; baseline 0 -11"><span class='ocrx_word' id='word_1_1' title='bbox 515 163 544 218; x_wconf 83' lang='lat' dir='ltr'>L.</span> <span class='ocrx_word' id='word_1_2' title='bbox 563 163 666 217; x_wconf 88' lang='lat' dir='ltr'>Accius</span> <span class='ocrx_word' id='word_1_3' title='bbox 1055 163 1098 227; x_wconf 82' lang='lat'>31</span> 
     </span>
    </p>
   </div>
   <div class='ocr_carea' id='block_1_2' title="bbox 79 323 1108 2034">
    <p class='ocr_par' dir='ltr' id='par_1_2' title="bbox 79 323 1108 2034">
     <span class='ocr_line' id='line_1_2' title="bbox 79 323 1101 394; baseline 0 -16"><span class='ocrx_word' id='word_1_4' title='bbox 79 325 125 379; x_wconf 87' lang='lat' dir='ltr'>vel</span> <span class='ocrx_word' id='word_1_5' title='bbox 140 323 253 379; x_wconf 88' lang='lat' dir='ltr'>sublato</span> <span class='ocrx_word' id='word_1_6' title='bbox 273 325 352 393; x_wconf 88' lang='lat' dir='ltr'>apice</span> <span class='ocrx_word' id='word_1_7' title='bbox 372 324 559 394; x_wconf 74' lang='lat' dir='ltr'>longitudinis</span> <span class='ocrx_word' id='word_1_8' title='bbox 578 326 607 379; x_wconf 88' lang='lat' dir='ltr'>et</span> <span class='ocrx_word' id='word_1_9' title='bbox 626 324 771 377; x_wconf 87' lang='lat' dir='ltr'>brevitatis</span> <span class='ocrx_word' id='word_1_10' title='bbox 791 326 859 379; x_wconf 88' lang='lat' dir='ltr'>nota</span> <span class='ocrx_word' id='word_1_11' title='bbox 875 327 969 393; x_wconf 89' lang='lat' dir='ltr'>posset</span> <span class='ocrx_word' id='word_1_12' title='bbox 984 326 1101 378; x_wconf 88' lang='lat' dir='ltr'>ostendi.</span> 
     </span>
     <span class='ocr_line' id='line_1_3' title="bbox 84 395 1102 467; baseline -0.001 -17"><span class='ocrx_word' id='word_1_13' title='bbox 84 397 178 467; x_wconf 74' lang='lat' dir='ltr'>Quiri.</span> <span class='ocrx_word' id='word_1_14' title='bbox 194 401 225 462; x_wconf 87' lang='lat'>1,</span> <span class='ocrx_word' id='word_1_15' title='bbox 240 401 319 462; x_wconf 72' lang='lat'>7,14</span> <span class='ocrx_word' id='word_1_16' title='bbox 343 395 517 450; x_wconf 79' lang='lat' dir='ltr'>semivocalis</span> <span class='ocrx_word' id='word_1_17' title='bbox 541 396 684 466; x_wconf 80' lang='lat' dir='ltr'>geminare</span> <span class='ocrx_word' id='word_1_18' title='bbox 709 396 757 448; x_wconf 93' lang='lat' dir='ltr'>diu</span> <span class='ocrx_word' id='word_1_19' title='bbox 776 412 833 449; x_wconf 91' lang='lat' dir='ltr'>non</span> <span class='ocrx_word' id='word_1_20' title='bbox 851 395 906 448; x_wconf 86' lang='lat' dir='ltr'>fuit</span> <span class='ocrx_word' id='word_1_21' title='bbox 923 396 1102 449; x_wconf 77' lang='lat' dir='ltr'>usitatissimi</span> 
     </span>
     <span class='ocr_line' id='line_1_4' title="bbox 81 467 1102 536; baseline -0.001 -14"><span class='ocrx_word' id='word_1_22' title='bbox 81 468 180 532; x_wconf 86' lang='lat' dir='ltr'>moris,</span> <span class='ocrx_word' id='word_1_23' title='bbox 204 469 291 534; x_wconf 87' lang='lat' dir='ltr'>atque</span> <span class='ocrx_word' id='word_1_24' title='bbox 314 483 329 521; x_wconf 89' lang='lat' dir='ltr'>e</span> <span class='ocrx_word' id='word_1_25' title='bbox 353 467 492 521; x_wconf 87' lang='lat' dir='ltr'>contrario</span> <span class='ocrx_word' id='word_1_26' title='bbox 515 484 604 536; x_wconf 88' lang='lat' dir='ltr'>usque</span> <span class='ocrx_word' id='word_1_27' title='bbox 628 467 664 520; x_wconf 90' lang='lat' dir='ltr'>ad</span> <span class='ocrx_word' id='word_1_28' title='bbox 685 467 801 520; x_wconf 82' lang='lat' dir='ltr'>Accium</span> <span class='ocrx_word' id='word_1_29' title='bbox 821 469 849 520; x_wconf 88' lang='lat' dir='ltr'>et</span> <span class='ocrx_word' id='word_1_30' title='bbox 867 467 942 520; x_wconf 87' lang='lat' dir='ltr'>ultra</span> <span class='ocrx_word' id='word_1_31' title='bbox 960 470 1102 535; x_wconf 87' lang='lat' dir='ltr'>porrectas</span> 
     </span>
     <span class='ocr_line' id='line_1_5' title="bbox 85 537 1103 608; baseline 0 -15"><span class='ocrx_word' id='word_1_32' title='bbox 85 538 210 607; x_wconf 83' lang='lat' dir='ltr'>syllabas</span> <span class='ocrx_word' id='word_1_33' title='bbox 230 538 359 608; x_wconf 79' lang='lat' dir='ltr'>geminis,</span> <span class='ocrx_word' id='word_1_34' title='bbox 378 541 410 591; x_wconf 83' lang='lat' dir='ltr'>ut</span> <span class='ocrx_word' id='word_1_35' title='bbox 429 538 497 604; x_wconf 86' lang='lat' dir='ltr'>dixi,</span> <span class='ocrx_word' id='word_1_36' title='bbox 516 537 659 592; x_wconf 90' lang='lat' dir='ltr'>vocalibus</span> <span class='ocrx_word' id='word_1_37' title='bbox 679 539 856 606; x_wconf 85' lang='lat' dir='ltr'>scripserunt.</span> <span class='ocrx_word' id='word_1_38' title='bbox 885 540 919 605; x_wconf 85' lang='lat' dir='ltr'>cs.</span> <span class='ocrx_word' id='word_1_39' title='bbox 934 538 972 593; x_wconf 82' lang='lat' dir='ltr'>iol.</span> <span class='ocrx_word' id='word_1_40' title='bbox 988 544 1013 604; x_wconf 85' lang='lat'>1,</span> <span class='ocrx_word' id='word_1_41' title='bbox 1027 544 1053 605; x_wconf 82' lang='lat'>4,</span> <span class='ocrx_word' id='word_1_42' title='bbox 1068 545 1103 594; x_wconf 89' lang='lat'>10</span> 
     </span>
     <span class='ocr_line' id='line_1_6' title="bbox 84 610 1103 680; baseline -0.001 -15"><span class='ocrx_word' id='word_1_43' title='bbox 84 610 205 679; x_wconf 71' lang='lat' dir='ltr'>(alachi</span> <span class='ocrx_word' id='word_1_44' title='bbox 224 613 376 678; x_wconf 74' lang='lat' dir='ltr'>op.4,142</span> <span class='ocrx_word' id='word_1_45' title='bbox 399 611 465 664; x_wconf 87' lang='lat' dir='ltr'>adu.</span> <span class='ocrx_word' id='word_1_46' title='bbox 480 614 506 676; x_wconf 88' lang='lat'>3,</span> <span class='ocrx_word' id='word_1_47' title='bbox 523 613 595 679; x_wconf 83' lang='lat'>726).</span> <span class='ocrx_word' id='word_1_48' title='bbox 634 610 686 664; x_wconf 89' lang='lat' dir='ltr'>Vel.</span> <span class='ocrx_word' id='word_1_49' title='bbox 703 611 791 680; x_wconf 74' lang='lat' dir='ltr'>Loup.</span> <span class='ocrx_word' id='word_1_50' title='bbox 806 628 836 678; x_wconf 79' lang='lat' dir='ltr'>p.</span> <span class='ocrx_word' id='word_1_51' title='bbox 853 615 897 676; x_wconf 85' lang='lat'>55,</span> <span class='ocrx_word' id='word_1_52' title='bbox 910 613 948 663; x_wconf 82' lang='lat'>25</span> <span class='ocrx_word' id='word_1_53' title='bbox 966 627 1033 664; x_wconf 85' lang='lat' dir='ltr'>nem</span> <span class='ocrx_word' id='word_1_54' title='bbox 1051 627 1103 664; x_wconf 92' lang='lat' dir='ltr'>nec</span> 
     </span>
     <span class='ocr_line' id='line_1_7' title="bbox 83 680 1104 749; baseline 0.001 -15"><span class='ocrx_word' id='word_1_55' title='bbox 83 681 201 735; x_wconf 89' lang='lat' dir='ltr'>Accium</span> <span class='ocrx_word' id='word_1_56' title='bbox 225 681 314 734; x_wconf 89' lang='lat' dir='ltr'>secuti</span> <span class='ocrx_word' id='word_1_57' title='bbox 338 698 432 734; x_wconf 90' lang='lat' dir='ltr'>sumus</span> <span class='ocrx_word' id='word_1_58' title='bbox 452 696 561 749; x_wconf 84' lang='lat' dir='ltr'>semper</span> <span class='ocrx_word' id='word_1_59' title='bbox 578 680 688 734; x_wconf 87' lang='lat' dir='ltr'>vocales</span> <span class='ocrx_word' id='word_1_60' title='bbox 707 681 910 749; x_wconf 81' lang='lat' dir='ltr'>geminantem,</span> <span class='ocrx_word' id='word_1_61' title='bbox 934 681 1104 749; x_wconf 90' lang='lat' dir='ltr'>ubicumque</span> 
     </span>
     <span class='ocr_line' id='line_1_8' title="bbox 83 751 1103 822; baseline 0.002 -17"><span class='ocrx_word' id='word_1_62' title='bbox 83 753 250 822; x_wconf 82' lang='lat' dir='ltr'>producitur</span> <span class='ocrx_word' id='word_1_63' title='bbox 268 751 386 821; x_wconf 78' lang='lat' dir='ltr'>syllaba,</span> <span class='ocrx_word' id='word_1_64' title='bbox 406 753 539 820; x_wconf 88' lang='lat' dir='ltr'>quoniam</span> <span class='ocrx_word' id='word_1_65' title='bbox 558 752 690 821; x_wconf 83' lang='lat' dir='ltr'>expedita</span> <span class='ocrx_word' id='word_1_66' title='bbox 709 753 794 807; x_wconf 87' lang='lat' dir='ltr'>debet</span> <span class='ocrx_word' id='word_1_67' title='bbox 812 768 873 806; x_wconf 91' lang='lat' dir='ltr'>esse</span> <span class='ocrx_word' id='word_1_68' title='bbox 892 753 1018 807; x_wconf 91' lang='lat' dir='ltr'>condicio</span> <span class='ocrx_word' id='word_1_69' title='bbox 1037 754 1103 807; x_wconf 85' lang='lat' dir='ltr'>scri·</span> 
     </span>
     <span class='ocr_line' id='line_1_9' title="bbox 85 822 1104 892; baseline 0.001 -15"><span class='ocrx_word' id='word_1_70' title='bbox 85 823 181 878; x_wconf 89' lang='lat' dir='ltr'>bendi.</span> <span class='ocrx_word' id='word_1_71' title='bbox 216 825 292 878; x_wconf 88' lang='lat' dir='ltr'>Mar.</span> <span class='ocrx_word' id='word_1_72' title='bbox 314 825 520 892; x_wconf 80' lang='lat' dir='ltr'>Vici.p.8,13</span> <span class='ocrx_word' id='word_1_73' title='bbox 539 841 602 876; x_wconf 90' lang='lat' dir='ltr'>cum</span> <span class='ocrx_word' id='word_1_74' title='bbox 619 822 707 892; x_wconf 81' lang='lat' dir='ltr'>longa</span> <span class='ocrx_word' id='word_1_75' title='bbox 725 823 836 892; x_wconf 82' lang='lat' dir='ltr'>syllaba</span> <span class='ocrx_word' id='word_1_76' title='bbox 855 823 1003 878; x_wconf 85' lang='lat' dir='ltr'>scribenda</span> <span class='ocrx_word' id='word_1_77' title='bbox 1022 827 1104 892; x_wconf 88' lang='lat' dir='ltr'>esset,</span> 
     </span>
     <span class='ocr_line' id='line_1_10' title="bbox 84 893 1104 967; baseline 0 -19"><span class='ocrx_word' id='word_1_78' title='bbox 84 896 155 948; x_wconf 88' lang='lat' dir='ltr'>duas</span> <span class='ocrx_word' id='word_1_79' title='bbox 187 893 296 948; x_wconf 85' lang='lat' dir='ltr'>vocales</span> <span class='ocrx_word' id='word_1_80' title='bbox 330 895 455 966; x_wconf 88' lang='lat' dir='ltr'>[Accius]</span> <span class='ocrx_word' id='word_1_81' title='bbox 486 894 612 963; x_wconf 87' lang='lat' dir='ltr'>ponebat</span> <span class='ocrx_word' id='word_1_82' title='bbox 646 894 751 965; x_wconf 89' lang='lat' dir='ltr'>[-bant</span> <span class='ocrx_word' id='word_1_83' title='bbox 779 896 870 950; x_wconf 80' lang='lat' dir='ltr'>codd:</span> <span class='ocrx_word' id='word_1_84' title='bbox 901 913 949 949; x_wconf 86' lang='lat' dir='ltr'>cru.</span> <span class='ocrx_word' id='word_1_85' title='bbox 976 897 1104 967; x_wconf 76' lang='lat' dir='ltr'>RiteclrlJ,</span> 
     </span>
     <span class='ocr_line' id='line_1_11' title="bbox 82 965 1105 1035; baseline 0.001 -16"><span class='ocrx_word' id='word_1_86' title='bbox 82 968 282 1035; x_wconf 85' lang='lat' dir='ltr'>praeterquam</span> <span class='ocrx_word' id='word_1_87' title='bbox 300 982 372 1033; x_wconf 87' lang='lat' dir='ltr'>quae</span> <span class='ocrx_word' id='word_1_88' title='bbox 391 966 446 1018; x_wconf 90' lang='lat' dir='ltr'>ini</span> <span class='ocrx_word' id='word_1_89' title='bbox 464 965 589 1020; x_wconf 88' lang='lat' dir='ltr'>litteram</span> <span class='ocrx_word' id='word_1_90' title='bbox 608 966 779 1033; x_wconf 90' lang='lat' dir='ltr'>inciderant;</span> <span class='ocrx_word' id='word_1_91' title='bbox 798 966 872 1020; x_wconf 92' lang='lat' dir='ltr'>hanc</span> <span class='ocrx_word' id='word_1_92' title='bbox 891 967 965 1019; x_wconf 91' lang='lat' dir='ltr'>enim</span> <span class='ocrx_word' id='word_1_93' title='bbox 981 984 1032 1034; x_wconf 88' lang='lat' dir='ltr'>por</span> <span class='ocrx_word' id='word_1_94' title='bbox 1046 984 1061 1023; x_wconf 93' lang='lat' dir='ltr'>e</span> <span class='ocrx_word' id='word_1_95' title='bbox 1076 970 1105 1021; x_wconf 89' lang='lat' dir='ltr'>et</span> 
     </span>
     <span class='ocr_line' id='line_1_12' title="bbox 82 1036 1105 1108; baseline 0 -17"><span class='ocrx_word' id='word_1_96' title='bbox 82 1039 93 1091; x_wconf 92' lang='lat' dir='ltr'>i</span> <span class='ocrx_word' id='word_1_97' title='bbox 107 1037 251 1091; x_wconf 86' lang='lat' dir='ltr'>scribebat</span> <span class='ocrx_word' id='word_1_98' title='bbox 267 1037 358 1107; x_wconf 79' lang='lat' dir='ltr'>[bant</span> <span class='ocrx_word' id='word_1_99' title='bbox 372 1038 470 1108; x_wconf 82' lang='lat' dir='ltr'>codd.].</span> <span class='ocrx_word' id='word_1_100' title='bbox 500 1039 588 1092; x_wconf 81' lang='lat' dir='ltr'>Prisc.</span> <span class='ocrx_word' id='word_1_101' title='bbox 599 1054 628 1105; x_wconf 85' lang='lat' dir='ltr'>p.</span> <span class='ocrx_word' id='word_1_102' title='bbox 643 1041 737 1103; x_wconf 80' lang='lat'>298,4</span> <span class='ocrx_word' id='word_1_103' title='bbox 751 1039 857 1092; x_wconf 85' lang='lat' dir='ltr'>veteres</span> <span class='ocrx_word' id='word_1_104' title='bbox 872 1038 882 1091; x_wconf 93' lang='lat' dir='ltr'>i</span> <span class='ocrx_word' id='word_1_105' title='bbox 896 1036 1018 1104; x_wconf 84' lang='lat' dir='ltr'>finalem,</span> <span class='ocrx_word' id='word_1_106' title='bbox 1033 1055 1105 1106; x_wconf 87' lang='lat' dir='ltr'>quae</span> 
     </span>
     <span class='ocr_line' id='line_1_13' title="bbox 83 1107 1105 1179; baseline 0.001 -16"><span class='ocrx_word' id='word_1_107' title='bbox 83 1111 127 1163; x_wconf 90' lang='lat' dir='ltr'>est</span> <span class='ocrx_word' id='word_1_108' title='bbox 147 1107 241 1179; x_wconf 79' lang='lat' dir='ltr'>longa,</span> <span class='ocrx_word' id='word_1_109' title='bbox 260 1109 351 1177; x_wconf 85' lang='lat' dir='ltr'>porei</span> <span class='ocrx_word' id='word_1_110' title='bbox 368 1108 556 1179; x_wconf 82' lang='lat' dir='ltr'>dipthongum</span> <span class='ocrx_word' id='word_1_111' title='bbox 575 1108 743 1173; x_wconf 88' lang='lat' dir='ltr'>scribebant,</span> <span class='ocrx_word' id='word_1_112' title='bbox 763 1107 862 1179; x_wconf 79' lang='lat' dir='ltr'>longas</span> <span class='ocrx_word' id='word_1_113' title='bbox 882 1111 977 1163; x_wconf 88' lang='lat' dir='ltr'>autem</span> <span class='ocrx_word' id='word_1_114' title='bbox 995 1110 1105 1164; x_wconf 89' lang='lat' dir='ltr'>vocales</span> 
     </span>
     <span class='ocr_line' id='line_1_14' title="bbox 81 1179 1104 1249; baseline 0 -16"><span class='ocrx_word' id='word_1_115' title='bbox 81 1180 267 1234; x_wconf 88' lang='lat' dir='ltr'>vetustissimi</span> <span class='ocrx_word' id='word_1_116' title='bbox 288 1181 375 1234; x_wconf 85' lang='lat' dir='ltr'>etiam</span> <span class='ocrx_word' id='word_1_117' title='bbox 394 1180 537 1249; x_wconf 84' lang='lat' dir='ltr'>geminare</span> <span class='ocrx_word' id='word_1_118' title='bbox 557 1179 693 1233; x_wconf 88' lang='lat' dir='ltr'>solebant.</span> <span class='ocrx_word' id='word_1_119' title='bbox 727 1180 758 1232; x_wconf 81' lang='lat' dir='ltr'>id</span> <span class='ocrx_word' id='word_1_120' title='bbox 776 1181 842 1234; x_wconf 83' lang='lat' dir='ltr'>ibid.</span> <span class='ocrx_word' id='word_1_121' title='bbox 861 1185 896 1234; x_wconf 85' lang='lat'>10</span> <span class='ocrx_word' id='word_1_122' title='bbox 914 1181 1104 1247; x_wconf 86' lang='lat' dir='ltr'>vetustissimi,</span> 
     </span>
     <span class='ocr_line' id='line_1_15' title="bbox 84 1251 1104 1320; baseline 0.002 -16"><span class='ocrx_word' id='word_1_123' title='bbox 84 1254 219 1319; x_wconf 86' lang='lat' dir='ltr'>utsupra</span> <span class='ocrx_word' id='word_1_124' title='bbox 238 1252 366 1318; x_wconf 83' lang='lat' dir='ltr'>diximus,</span> <span class='ocrx_word' id='word_1_125' title='bbox 386 1268 437 1320; x_wconf 92' lang='lat' dir='ltr'>pro</span> <span class='ocrx_word' id='word_1_126' title='bbox 451 1267 508 1304; x_wconf 86' lang='lat' dir='ltr'>una</span> <span class='ocrx_word' id='word_1_127' title='bbox 526 1251 612 1320; x_wconf 83' lang='lat' dir='ltr'>longa</span> <span class='ocrx_word' id='word_1_128' title='bbox 630 1251 721 1305; x_wconf 88' lang='lat' dir='ltr'>vocali</span> <span class='ocrx_word' id='word_1_129' title='bbox 740 1251 868 1305; x_wconf 88' lang='lat' dir='ltr'>solebant</span> <span class='ocrx_word' id='word_1_130' title='bbox 888 1252 956 1305; x_wconf 91' lang='lat' dir='ltr'>duas</span> <span class='ocrx_word' id='word_1_131' title='bbox 976 1251 1104 1306; x_wconf 83' lang='lat' dir='ltr'>scribere¹</span> 
     </span>
     <span class='ocr_line' id='line_1_16' title="bbox 83 1323 1107 1393; baseline 0.001 -16"><span class='ocrx_word' id='word_1_132' title='bbox 83 1325 159 1377; x_wconf 84' lang='lat' dir='ltr'>hauc</span> <span class='ocrx_word' id='word_1_133' title='bbox 181 1324 402 1377; x_wconf 76' lang='lat' dir='ltr'>cousuetudinem</span> <span class='ocrx_word' id='word_1_134' title='bbox 422 1341 440 1376; x_wconf 87' lang='lat' dir='ltr'>a</span> <span class='ocrx_word' id='word_1_135' title='bbox 458 1340 471 1376; x_wconf 86' lang='lat' dir='ltr'>e</span> <span class='ocrx_word' id='word_1_136' title='bbox 489 1341 509 1376; x_wconf 96' lang='lat' dir='ltr'>u</span> <span class='ocrx_word' id='word_1_137' title='bbox 528 1324 671 1393; x_wconf 62' lang='lat' dir='ltr'>loricarum</span> <span class='ocrx_word' id='word_1_138' title='bbox 698 1324 859 1393; x_wconf 74' lang='lat' dir='ltr'>peruiuaudi</span> <span class='ocrx_word' id='word_1_139' title='bbox 882 1323 989 1377; x_wconf 79' lang='lat' dir='ltr'>Ritecll</span> <span class='ocrx_word' id='word_1_140' title='bbox 1013 1325 1107 1378; x_wconf 81' lang='lat' dir='ltr'>docuit</span> 
     </span>
     <span class='ocr_line' id='line_1_17' title="bbox 84 1395 1103 1464; baseline 0.002 -17"><span class='ocrx_word' id='word_1_141' title='bbox 84 1396 335 1464; x_wconf 60' lang='grc'><strong><em>(01.4,156111115</em></strong></span> <span class='ocrx_word' id='word_1_142' title='bbox 347 1395 423 1449; x_wconf 84' lang='lat' dir='ltr'>Oscis</span> <span class='ocrx_word' id='word_1_143' title='bbox 432 1401 569 1462; x_wconf 73' lang='lat' dir='ltr'>sareptam</span> <span class='ocrx_word' id='word_1_144' title='bbox 578 1411 640 1458; x_wconf 82' lang='lat' dir='ltr'>esec,</span> <span class='ocrx_word' id='word_1_145' title='bbox 655 1395 700 1462; x_wconf 80' lang='lat' dir='ltr'>(cf.</span> <span class='ocrx_word' id='word_1_146' title='bbox 711 1395 920 1460; x_wconf 68' lang='lat' dir='ltr'>etiamalio,</span> <span class='ocrx_word' id='word_1_147' title='bbox 931 1395 1005 1448; x_wconf 85' lang='lat' dir='ltr'>Krit.</span> <span class='ocrx_word' id='word_1_148' title='bbox 1017 1396 1103 1449; x_wconf 83' lang='lat' dir='ltr'>Bcilr.</span> 
     </span>
     <span class='ocr_line' id='line_1_18' title="bbox 86 1465 1108 1535; baseline 0.001 -15"><span class='ocrx_word' id='word_1_149' title='bbox 86 1466 190 1520; x_wconf 87' lang='lat' dir='ltr'>Berliu</span> <span class='ocrx_word' id='word_1_150' title='bbox 205 1469 276 1520; x_wconf 78' lang='lat'><em>1879</em></span> <span class='ocrx_word' id='word_1_151' title='bbox 289 1482 320 1533; x_wconf 85' lang='lat' dir='ltr'>p.</span> <span class='ocrx_word' id='word_1_152' title='bbox 335 1469 408 1534; x_wconf 82' lang='lat'>125).</span> <span class='ocrx_word' id='word_1_153' title='bbox 443 1467 535 1519; x_wconf 82' lang='lat' dir='ltr'>cadem</span> <span class='ocrx_word' id='word_1_154' title='bbox 553 1467 610 1519; x_wconf 85' lang='lat' dir='ltr'>iam</span> <span class='ocrx_word' id='word_1_155' title='bbox 629 1465 693 1519; x_wconf 82' lang='lat' dir='ltr'>iude</span> <span class='ocrx_word' id='word_1_156' title='bbox 712 1466 747 1519; x_wconf 83' lang='lat' dir='ltr'>ab</span> <span class='ocrx_word' id='word_1_157' title='bbox 766 1484 791 1519; x_wconf 90' lang='lat' dir='ltr'>a.</span> <span class='ocrx_word' id='word_1_158' title='bbox 808 1466 936 1534; x_wconf 73' lang='lat' dir='ltr'><em>622s132</em></span> <span class='ocrx_word' id='word_1_159' title='bbox 955 1467 986 1518; x_wconf 88' lang='lat' dir='ltr'>iu</span> <span class='ocrx_word' id='word_1_160' title='bbox 1000 1467 1108 1535; x_wconf 81' lang='lat' dir='ltr'>Popilii</span> 
     </span>
     <span class='ocr_line' id='line_1_19' title="bbox 84 1537 1107 1606; baseline 0.001 -16"><span class='ocrx_word' id='word_1_161' title='bbox 84 1537 210 1590; x_wconf 78' lang='lat' dir='ltr'>miliario</span> <span class='ocrx_word' id='word_1_162' title='bbox 234 1537 427 1605; x_wconf 79' lang='lat' dir='ltr'><strong><em>(01L1551</em></strong></span> <span class='ocrx_word' id='word_1_163' title='bbox 448 1539 602 1605; x_wconf 78' lang='lat' dir='ltr'>pauciores)</span> <span class='ocrx_word' id='word_1_164' title='bbox 626 1554 764 1606; x_wconf 78' lang='lat' dir='ltr'>appareas</span> <span class='ocrx_word' id='word_1_165' title='bbox 787 1554 871 1605; x_wconf 79' lang='lat' dir='ltr'>usquc</span> <span class='ocrx_word' id='word_1_166' title='bbox 894 1538 931 1590; x_wconf 76' lang='lat' dir='ltr'>arl</span> <span class='ocrx_word' id='word_1_167' title='bbox 954 1555 980 1591; x_wconf 80' lang='lat' dir='ltr'>a.</span> <span class='ocrx_word' id='word_1_168' title='bbox 1000 1540 1107 1592; x_wconf 76' lang='lat' dir='ltr'>circiter</span> 
     </span>
     <span class='ocr_line' id='line_1_20' title="bbox 85 1607 1107 1678; baseline 0 -15"><span class='ocrx_word' id='word_1_169' title='bbox 85 1607 199 1678; x_wconf 79' lang='lat' dir='ltr'><em>680s74</em></span> <span class='ocrx_word' id='word_1_170' title='bbox 224 1609 314 1677; x_wconf 73' lang='lat' dir='ltr'>oipuit</span> <span class='ocrx_word' id='word_1_171' title='bbox 337 1610 505 1677; x_wconf 77' lang='lat' dir='ltr'>alteriusque</span> <span class='ocrx_word' id='word_1_172' title='bbox 529 1609 639 1662; x_wconf 71' lang='lat' dir='ltr'>marisii</span> <span class='ocrx_word' id='word_1_173' title='bbox 684 1611 766 1678; x_wconf 82' lang='lat' dir='ltr'>(estre</span> <span class='ocrx_word' id='word_1_174' title='bbox 791 1625 888 1663; x_wconf 72' lang='lat' dir='ltr'>rursus</span> <span class='ocrx_word' id='word_1_175' title='bbox 909 1615 1005 1676; x_wconf 79' lang='lat' dir='ltr'>postca</span> <span class='ocrx_word' id='word_1_176' title='bbox 1030 1611 1107 1677; x_wconf 79' lang='lat' dir='ltr'>apud</span> 
     </span>
     <span class='ocr_line' id='line_1_21' title="bbox 86 1677 1106 1750; baseline 0.001 -17"><span class='ocrx_word' id='word_1_177' title='bbox 86 1679 217 1733; x_wconf 75' lang='lat' dir='ltr'>Plinium</span> <span class='ocrx_word' id='word_1_178' title='bbox 235 1677 385 1733; x_wconf 81' lang='lat' dir='ltr'>maiorem?</span> <span class='ocrx_word' id='word_1_179' title='bbox 417 1681 451 1747; x_wconf 71' lang='lat' dir='ltr'>cs.</span> <span class='ocrx_word' id='word_1_180' title='bbox 471 1679 620 1745; x_wconf 73' lang='lat' dir='ltr'>Dctlefecu,</span> <span class='ocrx_word' id='word_1_181' title='bbox 642 1681 726 1750; x_wconf 77' lang='lat' dir='ltr'>spurt.</span> <span class='ocrx_word' id='word_1_182' title='bbox 739 1680 809 1747; x_wconf 82' lang='lat' dir='ltr'>phil.</span> <span class='ocrx_word' id='word_1_183' title='bbox 824 1680 910 1734; x_wconf 88' lang='lat' dir='ltr'>Bouu</span> <span class='ocrx_word' id='word_1_184' title='bbox 920 1697 949 1748; x_wconf 87' lang='lat' dir='ltr'>p.</span> <span class='ocrx_word' id='word_1_185' title='bbox 966 1683 1040 1746; x_wconf 84' lang='lat'><em>712).</em></span> <span class='ocrx_word' id='word_1_186' title='bbox 1074 1679 1106 1734; x_wconf 83' lang='lat' dir='ltr'>de</span> 
     </span>
     <span class='ocr_line' id='line_1_22' title="bbox 85 1750 1105 1822; baseline -0.002 -19"><span class='ocrx_word' id='word_1_187' title='bbox 85 1752 146 1804; x_wconf 81' lang='lat' dir='ltr'>ciue</span> <span class='ocrx_word' id='word_1_188' title='bbox 171 1751 203 1803; x_wconf 87' lang='lat' dir='ltr'>iu</span> <span class='ocrx_word' id='word_1_189' title='bbox 227 1751 280 1821; x_wconf 79' lang='lat' dir='ltr'>lcpc</span> <span class='ocrx_word' id='word_1_190' title='bbox 298 1750 369 1804; x_wconf 88' lang='lat' dir='ltr'>XII</span> <span class='ocrx_word' id='word_1_191' title='bbox 383 1751 437 1804; x_wconf 84' lang='lat' dir='ltr'>tab.</span> <span class='ocrx_word' id='word_1_192' title='bbox 457 1752 577 1822; x_wconf 76' lang='lat' dir='ltr'>ucetipiis</span> <span class='ocrx_word' id='word_1_193' title='bbox 595 1751 630 1817; x_wconf 82' lang='lat' dir='ltr'>cs.</span> <span class='ocrx_word' id='word_1_194' title='bbox 651 1751 803 1816; x_wconf 81' lang='lat' dir='ltr'>RSclrocll,</span> <span class='ocrx_word' id='word_1_195' title='bbox 828 1752 875 1820; x_wconf 73' lang='lat' dir='ltr'>lep.</span> <span class='ocrx_word' id='word_1_196' title='bbox 892 1752 961 1804; x_wconf 91' lang='grc' dir='ltr'>ΧΙΙ</span> <span class='ocrx_word' id='word_1_197' title='bbox 975 1753 1028 1805; x_wconf 82' lang='lat' dir='ltr'>tab.</span> <span class='ocrx_word' id='word_1_198' title='bbox 1048 1753 1105 1805; x_wconf 91' lang='lat' dir='ltr'>rell.</span> 
     </span>
     <span class='ocr_line' id='line_1_23' title="bbox 84 1822 1108 1891; baseline 0.001 -16"><span class='ocrx_word' id='word_1_199' title='bbox 84 1839 115 1891; x_wconf 83' lang='lat' dir='ltr'>p.</span> <span class='ocrx_word' id='word_1_200' title='bbox 127 1825 208 1888; x_wconf 66' lang='lat' dir='ltr'>disq.</span> <span class='ocrx_word' id='word_1_201' title='bbox 232 1829 325 1875; x_wconf 81' lang='lat' dir='ltr'>utrum</span> <span class='ocrx_word' id='word_1_202' title='bbox 339 1822 410 1876; x_wconf 83' lang='lat' dir='ltr'>idem</span> <span class='ocrx_word' id='word_1_203' title='bbox 424 1838 481 1876; x_wconf 85' lang='lat' dir='ltr'>mos</span> <span class='ocrx_word' id='word_1_204' title='bbox 491 1822 630 1890; x_wconf 78' lang='lat' dir='ltr'>peculiari</span> <span class='ocrx_word' id='word_1_205' title='bbox 643 1823 674 1875; x_wconf 88' lang='lat' dir='ltr'>iu</span> <span class='ocrx_word' id='word_1_206' title='bbox 688 1823 758 1876; x_wconf 88' lang='lat' dir='ltr'>libro</span> <span class='ocrx_word' id='word_1_207' title='bbox 772 1839 810 1875; x_wconf 86' lang='lat' dir='ltr'>au</span> <span class='ocrx_word' id='word_1_208' title='bbox 824 1822 855 1874; x_wconf 89' lang='lat' dir='ltr'>iu</span> <span class='ocrx_word' id='word_1_209' title='bbox 865 1823 1053 1886; x_wconf 79' lang='lat' dir='ltr'>Didascalicis</span> <span class='ocrx_word' id='word_1_210' title='bbox 1066 1824 1108 1876; x_wconf 84' lang='lat' dir='ltr'>ccl</span> 
     </span>
     <span class='ocr_line' id='line_1_24' title="bbox 85 1893 1105 1963; baseline -0.001 -15"><span class='ocrx_word' id='word_1_211' title='bbox 85 1894 274 1963; x_wconf 76' lang='lat' dir='ltr'>Prapmaticie</span> <span class='ocrx_word' id='word_1_212' title='bbox 287 1893 497 1959; x_wconf 74' lang='lat' dir='ltr'>commendatus,</span> <span class='ocrx_word' id='word_1_213' title='bbox 512 1900 564 1947; x_wconf 82' lang='lat' dir='ltr'>aul</span> <span class='ocrx_word' id='word_1_214' title='bbox 576 1893 664 1948; x_wconf 83' lang='lat' dir='ltr'>solum</span> <span class='ocrx_word' id='word_1_215' title='bbox 677 1895 709 1946; x_wconf 87' lang='lat' dir='ltr'>iu</span> <span class='ocrx_word' id='word_1_216' title='bbox 720 1894 861 1947; x_wconf 81' lang='lat' dir='ltr'>scribcudo</span> <span class='ocrx_word' id='word_1_217' title='bbox 875 1895 910 1946; x_wconf 86' lang='lat' dir='ltr'>ab</span> <span class='ocrx_word' id='word_1_218' title='bbox 920 1895 1005 1947; x_wconf 89' lang='lat' dir='ltr'>Accio</span> <span class='ocrx_word' id='word_1_219' title='bbox 1018 1894 1105 1948; x_wconf 75' lang='lat' dir='ltr'>usita-</span> 
     </span>
     <span class='ocr_line' id='line_1_25' title="bbox 86 1963 1106 2034; baseline -0.002 -16"><span class='ocrx_word' id='word_1_220' title='bbox 86 1971 131 2019; x_wconf 80' lang='lat' dir='ltr'>tus</span> <span class='ocrx_word' id='word_1_221' title='bbox 144 1966 190 2030; x_wconf 80' lang='lat' dir='ltr'>eit,</span> <span class='ocrx_word' id='word_1_222' title='bbox 208 1963 264 2018; x_wconf 86' lang='lat' dir='ltr'>dici</span> <span class='ocrx_word' id='word_1_223' title='bbox 277 1980 334 2018; x_wconf 87' lang='lat' dir='ltr'>uou</span> <span class='ocrx_word' id='word_1_224' title='bbox 344 1971 446 2032; x_wconf 75' lang='lat' dir='ltr'>potest:</span> <span class='ocrx_word' id='word_1_225' title='bbox 464 1981 534 2032; x_wconf 86' lang='lat' dir='ltr'>quac</span> <span class='ocrx_word' id='word_1_226' title='bbox 548 1965 640 2018; x_wconf 82' lang='lat' dir='ltr'>raderi</span> <span class='ocrx_word' id='word_1_227' title='bbox 654 1967 776 2033; x_wconf 79' lang='lat' dir='ltr'>quaestio</span> <span class='ocrx_word' id='word_1_228' title='bbox 790 1965 866 2018; x_wconf 82' lang='lat' dir='ltr'>cadit</span> <span class='ocrx_word' id='word_1_229' title='bbox 878 1965 910 2017; x_wconf 87' lang='lat' dir='ltr'>iu</span> <span class='ocrx_word' id='word_1_230' title='bbox 923 1966 959 2031; x_wconf 80' lang='lat' dir='ltr'>fr.</span> <span class='ocrx_word' id='word_1_231' title='bbox 969 1967 1016 2030; x_wconf 83' lang='lat'>23,</span> <span class='ocrx_word' id='word_1_232' title='bbox 1025 1968 1106 2034; x_wconf 84' lang='lat' dir='ltr'>25sq.</span> 
     </span>
    </p>
   </div>
   <div class='ocr_carea' id='block_1_3' title="bbox 124 2069 349 2138">
    <p class='ocr_par' dir='ltr' id='par_1_3' title="bbox 124 2069 349 2138">
     <span class='ocr_line' id='line_1_26' title="bbox 124 2069 349 2138; baseline 0 -15"><span class='ocrx_word' id='word_1_233' title='bbox 124 2076 138 2123; x_wconf 92' lang='lat'>1</span> <span class='ocrx_word' id='word_1_234' title='bbox 160 2069 247 2138; x_wconf 80' lang='lat' dir='ltr'>longa</span> <span class='ocrx_word' id='word_1_235' title='bbox 265 2072 349 2125; x_wconf 83' lang='lat' dir='ltr'>Beru.</span> 
     </span>
    </p>
   </div>
   <div class='ocr_carea' id='block_1_4' title="bbox 444 2215 750 2301">
    <p class='ocr_par' dir='ltr' id='par_1_4' title="bbox 444 2215 750 2301">
     <span class='ocr_line' id='line_1_27' title="bbox 444 2215 750 2301; baseline -0.01 -20"><span class='ocrx_word' id='word_1_236' title='bbox 444 2215 750 2301; x_wconf 52' lang='lat' dir='ltr'>aarum</span> 
     </span>
    </p>
   </div>
   <div class='ocr_carea' id='block_1_5' title="bbox 87 2341 1108 2510">
    <p class='ocr_par' dir='ltr' id='par_1_5' title="bbox 87 2341 1108 2510">
     <span class='ocr_line' id='line_1_28' title="bbox 157 2341 1108 2492; baseline 0.001 -88"><span class='ocrx_word' id='word_1_237' title='bbox 157 2345 265 2492; x_wconf 42' lang='lat' dir='ltr'>{opius</span> <span class='ocrx_word' id='word_1_238' title='bbox 285 2365 351 2404; x_wconf 91' lang='lat' dir='ltr'>cum</span> <span class='ocrx_word' id='word_1_239' title='bbox 370 2345 513 2406; x_wconf 78' lang='lat' dir='ltr'>scriberet</span> <span class='ocrx_word' id='word_1_240' title='bbox 532 2346 637 2424; x_wconf 79' lang='lat' dir='ltr'>anguis</span> <span class='ocrx_word' id='word_1_241' title='bbox 656 2347 794 2424; x_wconf 81' lang='lat' dir='ltr'>ungulae,</span> <span class='ocrx_word' id='word_1_242' title='bbox 813 2341 963 2425; x_wconf 78' lang='lat' dir='ltr'>&lt;agguis&gt;</span> <span class='ocrx_word' id='word_1_243' title='bbox 978 2347 1108 2424; x_wconf 84' lang='lat' dir='ltr'>aggulus</span> 
     </span>
     <span class='ocr_line' id='line_1_29' title="bbox 87 2454 972 2510; baseline -0.001 -16"><span class='ocrx_word' id='word_1_244' title='bbox 87 2454 167 2510; x_wconf 88' lang='lat' dir='ltr'>ponc</span> <span class='ocrx_word' id='word_1_245' title='bbox 189 2454 229 2496; x_wconf 87' lang='lat' dir='ltr'>a.</span> <span class='ocrx_word' id='word_1_246' title='bbox 968 2462 972 2471; x_wconf 92' lang='lat'>·</span> 
     </span>
    </p>
   </div>
   <div class='ocr_carea' id='block_1_6' title="bbox 88 2534 1110 3028">
    <p class='ocr_par' dir='ltr' id='par_1_6' title="bbox 88 2534 1110 3028">
     <span class='ocr_line' id='line_1_30' title="bbox 163 2534 1107 2602; baseline -0.001 -15"><span class='ocrx_word' id='word_1_247' title='bbox 163 2535 240 2588; x_wconf 80' lang='lat' dir='ltr'>Mar.</span> <span class='ocrx_word' id='word_1_248' title='bbox 262 2534 329 2587; x_wconf 74' lang='lat' dir='ltr'>Vici.</span> <span class='ocrx_word' id='word_1_249' title='bbox 344 2550 374 2601; x_wconf 75' lang='lat' dir='ltr'>p.</span> <span class='ocrx_word' id='word_1_250' title='bbox 390 2537 465 2599; x_wconf 83' lang='grc'><strong><em>8,11</em></strong></span> <span class='ocrx_word' id='word_1_251' title='bbox 484 2546 567 2588; x_wconf 80' lang='lat' dir='ltr'>Accius</span> <span class='ocrx_word' id='word_1_252' title='bbox 584 2549 649 2587; x_wconf 77' lang='lat' dir='ltr'>Vero</span> <span class='ocrx_word' id='word_1_253' title='bbox 667 2560 718 2587; x_wconf 89' lang='lat' dir='ltr'>cum</span> <span class='ocrx_word' id='word_1_254' title='bbox 732 2566 766 2573; x_wconf 90' lang='lat'><em>-</em></span> <span class='ocrx_word' id='word_1_255' title='bbox 781 2549 885 2596; x_wconf 86' lang='lat' dir='ltr'>ponebat.</span> <span class='ocrx_word' id='word_1_256' title='bbox 915 2534 953 2587; x_wconf 78' lang='lat' dir='ltr'>id.</span> <span class='ocrx_word' id='word_1_257' title='bbox 969 2551 998 2602; x_wconf 79' lang='lat' dir='ltr'>p.</span> <span class='ocrx_word' id='word_1_258' title='bbox 1015 2538 1107 2599; x_wconf 86' lang='grc'><strong><em>19,11</em></strong></span> 
     </span>
     <span class='ocr_line' id='line_1_31' title="bbox 89 2603 1107 2675; baseline -0.001 -16"><span class='ocrx_word' id='word_1_259' title='bbox 89 2620 193 2672; x_wconf 86' lang='lat' dir='ltr'>anceps</span> <span class='ocrx_word' id='word_1_260' title='bbox 223 2603 328 2658; x_wconf 88' lang='lat' dir='ltr'>ancilla</span> <span class='ocrx_word' id='word_1_261' title='bbox 349 2603 468 2675; x_wconf 74' lang='lat' dir='ltr'>Augilis</span> <span class='ocrx_word' id='word_1_262' title='bbox 497 2607 647 2674; x_wconf 81' lang='lat' dir='ltr'>angustum</span> <span class='ocrx_word' id='word_1_263' title='bbox 675 2605 800 2674; x_wconf 84' lang='lat' dir='ltr'>anquirit</span> <span class='ocrx_word' id='word_1_264' title='bbox 826 2620 928 2658; x_wconf 88' lang='lat' dir='ltr'>ancora</span> <span class='ocrx_word' id='word_1_265' title='bbox 950 2605 1023 2675; x_wconf 86' lang='lat' dir='ltr'>[ano.</span> <span class='ocrx_word' id='word_1_266' title='bbox 1043 2605 1107 2658; x_wconf 85' lang='lat' dir='ltr'>add.</span> 
     </span>
     <span class='ocr_line' id='line_1_32' title="bbox 88 2675 1110 2747; baseline -0.001 -17"><span class='ocrx_word' id='word_1_267' title='bbox 88 2676 198 2730; x_wconf 77' lang='lat' dir='ltr'>Riteclrl</span> <span class='ocrx_word' id='word_1_268' title='bbox 216 2693 249 2729; x_wconf 77' lang='lat' dir='ltr'>erc</span> <span class='ocrx_word' id='word_1_269' title='bbox 268 2675 335 2729; x_wconf 81' lang='lat' dir='ltr'>Vici.</span> <span class='ocrx_word' id='word_1_270' title='bbox 355 2676 487 2743; x_wconf 79' lang='lat' dir='ltr'>iuferiora</span> <span class='ocrx_word' id='word_1_271' title='bbox 506 2677 607 2747; x_wconf 90' lang='lat' dir='ltr'>loco]†</span> <span class='ocrx_word' id='word_1_272' title='bbox 626 2693 682 2729; x_wconf 92' lang='lat' dir='ltr'>non</span> <span class='ocrx_word' id='word_1_273' title='bbox 701 2676 809 2729; x_wconf 90' lang='lat' dir='ltr'>iudicat</span> <span class='ocrx_word' id='word_1_274' title='bbox 828 2677 970 2747; x_wconf 80' lang='lat' dir='ltr'>[locarium</span> <span class='ocrx_word' id='word_1_275' title='bbox 987 2677 1110 2746; x_wconf 74' lang='lat' dir='ltr'>eipuaoii</span> 
     </span>
     <span class='ocr_line' id='line_1_33' title="bbox 90 2745 1109 2818; baseline -0.003 -17"><span class='ocrx_word' id='word_1_276' title='bbox 90 2748 158 2801; x_wconf 82' lang='lat' dir='ltr'>Keu</span> <span class='ocrx_word' id='word_1_277' title='bbox 180 2747 239 2800; x_wconf 87' lang='lat' dir='ltr'>iam</span> <span class='ocrx_word' id='word_1_278' title='bbox 259 2746 317 2799; x_wconf 81' lang='lat' dir='ltr'>dixi</span> <span class='ocrx_word' id='word_1_279' title='bbox 336 2746 453 2801; x_wconf 83' lang='lat' dir='ltr'>Accium</span> <span class='ocrx_word' id='word_1_280' title='bbox 475 2765 530 2801; x_wconf 89' lang='lat' dir='ltr'>non</span> <span class='ocrx_word' id='word_1_281' title='bbox 551 2748 610 2818; x_wconf 80' lang='lat' dir='ltr'>lli]</span> <span class='ocrx_word' id='word_1_282' title='bbox 635 2764 687 2815; x_wconf 90' lang='lat' dir='ltr'>per</span> <span class='ocrx_word' id='word_1_283' title='bbox 706 2764 750 2812; x_wconf 91' lang='lat' dir='ltr'>an,</span> <span class='ocrx_word' id='word_1_284' title='bbox 774 2748 823 2800; x_wconf 89' lang='lat' dir='ltr'>sed</span> <span class='ocrx_word' id='word_1_285' title='bbox 846 2764 922 2800; x_wconf 86' lang='lat' dir='ltr'>more</span> <span class='ocrx_word' id='word_1_286' title='bbox 941 2745 1109 2800; x_wconf 83' lang='lat' dir='ltr'>Graecorum</span> 
     </span>
     <span class='ocr_line' id='line_1_34' title="bbox 88 2817 1109 2886; baseline 0.001 -16"><span class='ocrx_word' id='word_1_287' title='bbox 88 2835 141 2886; x_wconf 87' lang='lat' dir='ltr'>per</span> <span class='ocrx_word' id='word_1_288' title='bbox 164 2834 201 2886; x_wconf 86' lang='lat' dir='ltr'>ag</span> <span class='ocrx_word' id='word_1_289' title='bbox 225 2817 339 2871; x_wconf 89' lang='lat' dir='ltr'>solitum</span> <span class='ocrx_word' id='word_1_290' title='bbox 363 2817 483 2871; x_wconf 85' lang='lat' dir='ltr'>scribere</span> <span class='ocrx_word' id='word_1_291' title='bbox 506 2826 552 2873; x_wconf 84' lang='lat' dir='ltr'>etc.</span> <span class='ocrx_word' id='word_1_292' title='bbox 572 2820 664 2874; x_wconf 84' lang='lat' dir='ltr'>cadem</span> <span class='ocrx_word' id='word_1_293' title='bbox 687 2819 773 2873; x_wconf 77' lang='lat' dir='ltr'>tradit</span> <span class='ocrx_word' id='word_1_294' title='bbox 796 2821 883 2874; x_wconf 82' lang='lat' dir='ltr'>Prisc.</span> <span class='ocrx_word' id='word_1_295' title='bbox 904 2835 934 2886; x_wconf 85' lang='lat' dir='ltr'>p.</span> <span class='ocrx_word' id='word_1_296' title='bbox 949 2823 991 2884; x_wconf 89' lang='grc'><strong><em>30,</em></strong></span> <span class='ocrx_word' id='word_1_297' title='bbox 1018 2823 1053 2872; x_wconf 89' lang='grc'>15</span> <span class='ocrx_word' id='word_1_298' title='bbox 1076 2835 1109 2871; x_wconf 84' lang='lat' dir='ltr'>cac</span> 
     </span>
     <span class='ocr_line' id='line_1_35' title="bbox 95 2889 1108 2960; baseline -0.001 -16"><span class='ocrx_word' id='word_1_299' title='bbox 95 2891 176 2944; x_wconf 86' lang='lat' dir='ltr'>Varr.</span> <span class='ocrx_word' id='word_1_300' title='bbox 200 2889 233 2943; x_wconf 82' lang='lat' dir='ltr'>dc</span> <span class='ocrx_word' id='word_1_301' title='bbox 260 2890 328 2960; x_wconf 75' lang='lat' dir='ltr'>arip.</span> <span class='ocrx_word' id='word_1_302' title='bbox 357 2890 423 2960; x_wconf 75' lang='lat' dir='ltr'>liup.</span> <span class='ocrx_word' id='word_1_303' title='bbox 453 2891 517 2944; x_wconf 82' lang='lat' dir='ltr'>Lai.</span> <span class='ocrx_word' id='word_1_304' title='bbox 537 2892 562 2944; x_wconf 93' lang='lat' dir='ltr'>I.</span> <span class='ocrx_word' id='word_1_305' title='bbox 608 2891 643 2955; x_wconf 80' lang='lat' dir='ltr'>cf.</span> <span class='ocrx_word' id='word_1_306' title='bbox 669 2892 745 2944; x_wconf 85' lang='lat' dir='ltr'>Mar.</span> <span class='ocrx_word' id='word_1_307' title='bbox 776 2891 842 2944; x_wconf 81' lang='lat' dir='ltr'>Vici.</span> <span class='ocrx_word' id='word_1_308' title='bbox 867 2907 896 2958; x_wconf 85' lang='lat' dir='ltr'>p.</span> <span class='ocrx_word' id='word_1_309' title='bbox 917 2894 962 2956; x_wconf 92' lang='grc'>16,</span> <span class='ocrx_word' id='word_1_310' title='bbox 977 2893 1037 2956; x_wconf 81' lang='lat' dir='ltr'>6eq.</span> <span class='ocrx_word' id='word_1_311' title='bbox 1075 2890 1108 2943; x_wconf 87' lang='lat' dir='ltr'>dc</span> 
     </span>
     <span class='ocr_line' id='line_1_36' title="bbox 88 2961 946 3028; baseline -0.001 -13"><span class='ocrx_word' id='word_1_312' title='bbox 88 2961 265 3015; x_wconf 78' lang='lat' dir='ltr'>collocatione</span> <span class='ocrx_word' id='word_1_313' title='bbox 282 2961 319 3026; x_wconf 85' lang='lat' dir='ltr'>sr.</span> <span class='ocrx_word' id='word_1_314' title='bbox 338 2962 373 3027; x_wconf 86' lang='lat' dir='ltr'>cs.</span> <span class='ocrx_word' id='word_1_315' title='bbox 391 2962 429 3028; x_wconf 80' lang='lat' dir='ltr'>fr.</span> <span class='ocrx_word' id='word_1_316' title='bbox 443 2964 488 3015; x_wconf 80' lang='lat'>24.</span> <span class='ocrx_word' id='word_1_317' title='bbox 944 2968 946 2972; x_wconf 70' lang='grc'><strong><em>’</em></strong></span> 
     </span>
    </p>
   </div>
   <div class='ocr_carea' id='block_1_7' title="bbox 88 3047 1110 3247">
    <p class='ocr_par' dir='ltr' id='par_1_7' title="bbox 88 3047 1110 3247">
     <span class='ocr_line' id='line_1_37' title="bbox 165 3047 1110 3120; baseline -0.001 -18"><span class='ocrx_word' id='word_1_318' title='bbox 165 3056 178 3102; x_wconf 90' lang='grc'>1</span> <span class='ocrx_word' id='word_1_319' title='bbox 214 3049 314 3119; x_wconf 78' lang='lat' dir='ltr'>anguis</span> <span class='ocrx_word' id='word_1_320' title='bbox 348 3051 465 3119; x_wconf 85' lang='lat' dir='ltr'>anguies</span> <span class='ocrx_word' id='word_1_321' title='bbox 498 3050 613 3120; x_wconf 81' lang='lat' dir='ltr'>angulos</span> <span class='ocrx_word' id='word_1_322' title='bbox 645 3068 673 3118; x_wconf 90' lang='lat' dir='ltr'>p.</span> <span class='ocrx_word' id='word_1_323' title='bbox 706 3051 796 3104; x_wconf 76' lang='lat' dir='ltr'>codd:</span> <span class='ocrx_word' id='word_1_324' title='bbox 839 3047 957 3119; x_wconf 88' lang='lat' dir='ltr'>angulus</span> <span class='ocrx_word' id='word_1_325' title='bbox 990 3049 1110 3118; x_wconf 84' lang='lat' dir='ltr'>aggulus</span> 
     </span>
     <span class='ocr_line' id='line_1_38' title="bbox 88 3121 1110 3247; baseline -0.001 -72"><span class='ocrx_word' id='word_1_326' title='bbox 88 3121 374 3247; x_wconf 47' lang='lat' dir='ltr'>pufforrtesehelmppgpivz</span> <span class='ocrx_word' id='word_1_327' title='bbox 392 3122 517 3192; x_wconf 77' lang='lat' dir='ltr'>aggueis,</span> <span class='ocrx_word' id='word_1_328' title='bbox 544 3137 627 3191; x_wconf 76' lang='lat' dir='ltr'>agina</span> <span class='ocrx_word' id='word_1_329' title='bbox 646 3122 844 3188; x_wconf 86' lang='lat' dir='ltr'>interponebat</span> <span class='ocrx_word' id='word_1_330' title='bbox 863 3121 971 3191; x_wconf 72' lang='lat' dir='ltr'>Sciradp</span> <span class='ocrx_word' id='word_1_331' title='bbox 995 3122 1110 3175; x_wconf 83' lang='lat' dir='ltr'>Uscucro</span> 
     </span>
    </p>
   </div>
   <div class='ocr_carea' id='block_1_8' title="bbox 446 3337 750 3422">
    <p class='ocr_par' dir='ltr' id='par_1_8' title="bbox 446 3337 750 3422">
     <span class='ocr_line' id='line_1_39' title="bbox 446 3337 750 3422; baseline -0.003 -20"><span class='ocrx_word' id='word_1_332' title='bbox 446 3337 750 3422; x_wconf 58' lang='lat' dir='ltr'>apuam</span> 
     </span>
    </p>
   </div>
   <div class='ocr_carea' id='block_1_9' title="bbox 92 3462 1110 3617">
    <p class='ocr_par' dir='ltr' id='par_1_9' title="bbox 92 3462 1110 3617">
     <span class='ocr_line' id='line_1_40' title="bbox 153 3462 1110 3617; baseline -0.003 -91"><span class='ocrx_word' id='word_1_333' title='bbox 153 3468 239 3617; x_wconf 54' lang='lat' dir='ltr'>illem</span> <span class='ocrx_word' id='word_1_334' title='bbox 269 3462 406 3548; x_wconf 83' lang='lat' dir='ltr'>[Accius]</span> <span class='ocrx_word' id='word_1_335' title='bbox 436 3487 491 3527; x_wconf 87' lang='lat' dir='ltr'>nec</span> <span class='ocrx_word' id='word_1_336' title='bbox 521 3489 536 3526; x_wconf 85' lang='grc'>1</span> <span class='ocrx_word' id='word_1_337' title='bbox 565 3469 699 3527; x_wconf 87' lang='lat' dir='ltr'>litteram</span> <span class='ocrx_word' id='word_1_338' title='bbox 729 3487 783 3529; x_wconf 87' lang='lat' dir='ltr'>nee</span> <span class='ocrx_word' id='word_1_339' title='bbox 812 3488 832 3543; x_wconf 89' lang='lat' dir='ltr'><strong>y</strong></span> <span class='ocrx_word' id='word_1_340' title='bbox 860 3469 891 3524; x_wconf 90' lang='lat' dir='ltr'>in</span> <span class='ocrx_word' id='word_1_341' title='bbox 921 3466 1013 3525; x_wconf 91' lang='lat' dir='ltr'>libros</span> <span class='ocrx_word' id='word_1_342' title='bbox 1041 3483 1110 3525; x_wconf 88' lang='lat' dir='ltr'>suos</span> 
     </span>
     <span class='ocr_line' id='line_1_41' title="bbox 92 3558 218 3616; baseline 0 -2"><span class='ocrx_word' id='word_1_343' title='bbox 92 3558 154 3616; x_wconf 89' lang='lat' dir='ltr'>rett</span> <span class='ocrx_word' id='word_1_344' title='bbox 183 3559 218 3615; x_wconf 68' lang='lat' dir='ltr'>v&#39;t</span> 
     </span>
    </p>
   </div>
   <div class='ocr_carea' id='block_1_10' title="bbox 0 0 1227 3840">
    <p class='ocr_par' dir='ltr' id='par_1_10' title="bbox 0 0 1227 3840">
     <span class='ocr_line' id='line_1_42' title="bbox 0 0 1227 3840; baseline 0 0"><span class='ocrx_word' id='word_1_345' title='bbox 0 0 1227 3840; x_wconf 95' lang='lat' dir='ltr'> </span> 
     </span>
    </p>
   </div>
  </div>
 </body>
</html>
