2422 3840
421 215 459 269 M.
479 214 625 269 Terentius
644 216 732 269 Varro
1018 218 1084 282 309

68 406 156 448 versu
189 387 290 445 statim
324 385 445 443 auditur
474 387 504 443 et
533 387 675 458 metrum,
706 388 737 443 in
768 389 863 445 metro
893 387 993 445 autem
1025 407 1084 446 non

68 477 172 536 statim
195 493 305 535 versus.
1098 494 1124 534 as

143 576 218 629 Mar.
244 573 311 628 Vici.
326 590 356 642 p.
373 576 418 639 55,
433 579 465 626 11
484 597 561 628 versus
574 590 608 626 est
621 605 648 613 —
661 587 792 628 necesitate
806 588 945 640 dividuntur,
963 576 996 628 ut
1009 576 1085 644 apud

69 645 226 717 Vergilium
249 646 286 716 [9.
307 650 333 712 3,
347 645 413 716 381]
437 646 562 714 ‘septem
585 644 713 700 subiecta
735 645 852 699 trione’.
888 660 938 710 pan
955 661 1042 702 rsuons
1059 679 1085 687 -

67 733 230 784 gubernacula3
264 716 337 770 sicui
364 716 498 782 diximus,
530 716 613 772 metri
641 717 816 772 necestitate.
863 743 939 772 versus
961 750 987 758 -
1010 733 1085 773 statim

67 815 151 844 versus
177 789 211 856 cs.
228 790 319 842 Dum.
336 792 443 858 p.494,
459 793 501 842 10.
522 793 643 854 506,15.
672 789 759 843 Prisc.
775 790 830 842 III
845 794 905 857 514,
919 793 964 845 27.
995 790 1088 846 ΟθΚ

74 862 119 916 VI
131 864 196 926 274,
211 864 253 913 11.
282 859 380 930 fraym.
401 861 492 914 Paris.
515 860 607 914 OGK
628 861 672 915 VI
687 864 750 925 631,
763 865 809 916 20.
837 861 1007 932 ,1119111151
1026 861 1084 916 ord.

67 939 95 1000 2,
114 937 159 1000 40,
179 937 203 984 1.
242 931 274 986 de
292 948 359 985 mus.
380 934 405 997 5,
424 936 451 998 3,
470 935 495 985 4.
532 932 601 986 Isid.
621 948 659 986 or.
680 936 705 998 1,
725 936 769 998 39,
788 936 814 986 2.

67 1037 1085 1180 ,13111111,11111111911111111

67 1198 164 1236 versus
178 1181 235 1235 her.
251 1180 412 1234 —dicatur
467 1180 592 1252 <pedum
607 1180 828 1250 appellaverunt,
846 1180 930 1253 cum>
946 1199 1003 1235 aen.
1019 1183 1086 1237 Keil

69 1258 102 1307 10
129 1252 252 1305 abusive.
289 1250 334 1305 vel
361 1253 388 1305 h.
413 1269 477 1320 app.
504 1251 706 1321 (appellatione
730 1254 834 1321 Paris.)
863 1253 938 1308 codd.
968 1252 1085 1307 abusiva

66 1341 130 1378 vero
150 1323 177 1376 h.
198 1340 260 1391 app.
281 1326 380 1391 scripsi
471 1329 501 1375 11
527 1324 636 1377 hexam.
657 1324 736 1394 epos]
762 1325 796 1389 cf.
819 1326 910 1378 Diem.
926 1341 955 1392 p.
972 1329 1034 1389 501,
1048 1329 1084 1379 21

69 1401 101 1450 18
117 1394 177 1449 liris
194 1396 330 1449 Valesius:
351 1394 453 1448 litteris
554 1400 586 1448 19
607 1389 751 1464 bustroph.
769 1397 893 1450 Valesius
911 1395 1085 1464 bustrophen

67 1468 130 1521 Pul.
157 1466 327 1533 bostropheu
346 1468 438 1520 Paris.
530 1473 562 1520 21
583 1467 696 1535 propria
715 1467 777 1520 Pal.
870 1472 903 1520 24
923 1467 970 1534 qui
990 1469 1083 1522 Paris.

68 1543 101 1591 26
116 1541 230 1606 recepta
245 1540 288 1591 est
302 1539 371 1592 corsi.
389 1538 468 1591 Keil*
527 1543 559 1590 11
576 1537 708 1609 (partis)
723 1554 761 1591 or.
779 1539 868 1592 Wclm.
938 1543 971 1590 32
987 1539 1084 1592 deten-

68 1610 127 1663 dite
146 1613 175 1663 et
193 1609 325 1676 spoliate:
346 1627 393 1663 cm.
415 1611 503 1663 Mora
522 1627 555 1664 ea
573 1611 667 1663 Nouio

494 1762 559 1818 asc
584 1753 655 1839 [71]

133 1885 303 1926 mensuram
332 1885 394 1925 esse
421 1868 453 1923 in
481 1868 604 1940 fabulis,
633 1867 689 1926 hoo
717 1870 762 1926 est
791 1870 921 1941 metron,
952 1868 1084 1927 Terentii

68 1960 98 2015 et
125 1957 226 2014 Plauti
254 1958 283 2014 et
310 1958 475 2014 ceterorum
505 1958 684 2014 comicorum
712 1958 742 2014 et
768 1959 950 2036 tragicorum
981 1957 1084 2017 dicunt

68 2046 109 2120 hi,
133 2045 235 2104 Gioero
260 2043 388 2104 Scaurus
411 2045 580 2104 Firmianus
604 2044 701 2105 Varro

138 2145 233 2210 Rufio.
249 2161 279 2213 p.
295 2148 389 2209 565,1
409 2169 534 2198 mensuram
548 2176 575 2183 —
589 2159 661 2199 Varro
680 2144 854 2209 Victorinus,
879 2144 992 2198 Caesius
1015 2146 1083 2199 Baa-

66 2233 121 2281 sus,
146 2214 339 2281 Terentianus,
368 2214 505 2269 Caecilius
524 2214 644 2281 Vindex,
672 2215 761 2269 Cinna
789 2216 906 2269 Sisenna
933 2216 1083 2271 Diomedes

65 2286 185 2340 Albinus
209 2286 409 2351 Quintilianus,
433 2286 576 2355 Sosipater
598 2286 748 2352 Charisius,
772 2287 905 2341 Helonius
929 2288 1019 2356 Asper
1041 2287 1082 2342 Fl.

66 2358 156 2426 Caper
183 2357 331 2410 Arruntius
359 2356 465 2412 Probus
493 2357 601 2412 Plinius
624 2358 781 2412 Euanthius
805 2358 950 2425 Sacerdos,
978 2359 1027 2428 qui
1055 2363 1084 2413 et

66 2428 201 2496 Donatus,
220 2428 297 2483 Iuba.
335 2431 369 2496 cf.
391 2430 505 2496 Ritschl,
524 2431 637 2500 Pcrcrp.
653 2448 683 2498 p.
699 2434 762 2484 958.

140 2542 153 2588 1
173 2535 199 2587 h.
221 2537 264 2588 est
281 2555 317 2588 m.
336 2537 395 2591 secl.
418 2537 513 2591 Osann

493 2689 558 2746 290
583 2682 655 2766 [72]

131 2793 187 2852 hoc
221 2788 395 2872 [trimetrum
418 2789 550 2874 heroam]
575 2796 671 2854 Varro
696 2797 732 2854 ab
760 2795 938 2856 Archilocho
962 2799 1082 2856 auctum

66 2883 141 2941 dicit
160 2882 301 2942 adiuncta
321 2884 437 2959 syllaba
457 2887 487 2943 et
504 2885 619 2943 factum
637 2886 711 2943 tale:
731 2879 944 2960 ‘omnipotente
959 2889 1083 2963 parente

65 2967 152 3030 meo'.
190 2971 259 3030 huic
282 2973 305 3031 si
331 2974 449 3032 auferas
473 2973 611 3031 ultimam
635 2973 791 3049 syllabam,
814 2976 901 3032 erunt
923 2975 999 3034 tales
1021 2978 1082 3035 tres

64 3061 155 3137 pedes
179 3081 252 3136 quos
275 3063 358 3137 prior
380 3082 450 3138 pars
473 3062 638 3121 hexametri
659 3065 789 3138 recipere
813 3065 974 3123 consuevit.

137 3161 229 3214 Diem.
250 3177 276 3227 p.
292 3164 354 3226 515,
370 3165 403 3214 11
423 3160 548 3215 trimeter
567 3161 698 3229 [dimeter
716 3162 805 3233 codd]
828 3162 929 3217 herous
949 3181 982 3215 ex
1001 3181 1081 3231 supe·

64 3229 136 3283 riore
152 3231 337 3302 [hexametro]
361 3233 418 3284 iam
433 3233 467 3284 de
482 3249 515 3285 eo
530 3231 663 3303 [iambico
674 3235 764 3288 codd:
778 3251 825 3287 cm.
837 3235 902 3300 Leo,
914 3236 1028 3289 Hermes
1036 3239 1080 3289 24.

66 3306 185 3371 188912.
200 3303 315 3357 29111111.
335 3308 361 3357 2.
394 3305 428 3370 cf.
446 3305 537 3358 Diem.
554 3323 582 3373 p.
603 3309 665 3370 512,
680 3309 705 3358 4.
735 3309 796 3371 514,
812 3305 841 3376 6]
869 3303 998 3358 diximus.
1032 3306 1081 3359 sed

64 3388 108 3427 hoo
122 3388 195 3427 Varro
210 3405 233 3413 -
249 3388 370 3428 consuerit.

491 3511 558 3570 291
599 3512 618 3570 7
625 3510 642 3570 5

123 3612 293 3672 octonarius
321 3617 374 3693 est,
405 3620 440 3679 ut
466 3619 568 3687 Varro
583 3502 691 3703 [dida
720 3641 798 3682 oum
821 3619 888 3680 duo
910 3609 1025 3673 tambi-
1045 3597 1156 3678 tm
