2422 3840
434 176 470 232 M.
489 174 636 230 Terentius
654 174 743 230 Varro
1029 175 1094 238 323

78 354 153 408 quae
172 353 190 392 a
208 337 322 392 civitate
341 336 475 392 Oscorum
492 336 600 402 Atella,
623 336 653 389 in
672 353 728 405 qua
751 336 873 404 primum
892 337 1020 406 coeptae,
1047 352 1092 404 ap·

77 408 203 479 pellatae
228 410 294 462 sunt
318 409 480 476 Atellanae,
509 408 681 492 argumentis
704 408 843 476 dictisque
867 406 1036 462 iceularibus
1060 407 1096 460 si-

77 480 160 535 miles
184 479 313 550 satyricis
332 480 437 534 fabulis
457 480 578 534 Graecis.
615 481 717 547 quarta
740 479 847 548 species
867 482 910 534 est
927 478 1096 549 planipedis,

78 552 128 621 qui
147 568 247 622 graece
267 551 371 606 dicitur
394 552 504 606 mimus.
542 551 605 606 ideo
626 553 720 604 autem
738 550 826 604 latine
845 550 975 620 planipes
996 550 1096 616 dictus,

77 625 155 691 quod
174 626 282 677 actores
301 623 420 692 pedibus
439 623 532 693 planis
551 623 581 675 id
596 624 639 676 est
652 622 734 676 nudis
748 623 925 691 proscenium
938 621 1097 688 introirent,

79 712 135 749 non
149 697 182 748 ut
195 695 297 766 tragini
312 697 419 749 actores
435 712 498 748 cum
512 694 636 749 coturnis
652 710 743 762 neque
757 697 789 746 ut
804 693 904 747 comici
918 711 982 747 cum
996 693 1097 758 soccis3

80 767 139 821 sive
157 767 233 834 quod
252 765 320 820 olim
334 784 390 820 uon
404 767 434 819 in
448 770 584 836 suggestu
598 781 716 820 scaenae
731 765 824 819 sedin
838 765 923 833 plano
938 764 1098 818 orchestrae

78 837 180 907 positis
198 839 392 892 instrumentis
410 838 531 892 mimicis
550 837 716 892 actitabant.
754 836 833 890 ouius
851 836 1011 905 planipedis
1029 836 1099 889 Atta

79 911 242 980 togatarum
260 909 379 978 scriptor
398 909 439 963 ita
457 910 487 962 in
502 907 642 964 Aedilicia
655 907 754 961 fabula
768 908 897 962 meminit
912 906 1097 979 [afflaret

81 981 207 1034 ‘daturin
227 981 294 1034 estis
313 990 429 1036 aarum?
455 981 564 1036 exultat
581 980 731 1050 planipes'.
751 1011 784 1019 —
804 981 903 1050 togata
921 980 1099 1048 praetextata

80 1069 97 1106 a
120 1052 268 1122 tragoedia
291 1052 399 1119 differt,
423 1053 498 1120 quod
517 1053 547 1106 in
568 1052 716 1121 tragoedia
738 1050 836 1105 herces
859 1049 1043 1116 inducuntur,
1067 1052 1099 1103 ut

80 1123 218 1177 Pacuvius
232 1124 394 1194 tragoedias
409 1124 568 1178 nominibus
578 1123 697 1178 heroicis
708 1122 828 1191 scripsit,
839 1121 965 1177 Orestem
976 1120 1099 1190 Chrysen

81 1194 172 1249 ethis
192 1195 309 1262 similia,
333 1196 402 1249 item
421 1196 535 1263 Accius,
559 1196 589 1248 in
607 1196 786 1264 praetextata
805 1196 899 1249 autem
919 1193 1025 1266 <duces
1044 1193 1098 1246 Ro-

80 1266 166 1334 mani,
186 1268 219 1320 nt
236 1266 267 1319 in
286 1266 340 1339 ea>
359 1285 431 1335 quae
450 1267 614 1321 inscribitur
628 1267 730 1320 Brutus
750 1265 794 1318 vel
812 1265 923 1331 Decius,
942 1265 1011 1319 item
1025 1263 1099 1318 Mar·

81 1337 177 1392 cellas.
203 1339 303 1407 togata
321 1338 483 1392 tabernaria
502 1355 519 1391 a
538 1338 683 1393 comoedia
698 1335 801 1404 differt,
821 1337 896 1405 qnod
910 1337 940 1389 in
956 1336 1100 1391 comoedia

81 1409 183 1463 Graeci
200 1409 272 1463 ritus
291 1410 463 1464 inducuntur
480 1425 673 1479 personaeque
693 1409 823 1474 Graecae,
842 1408 948 1462 Laches
964 1406 1099 1476 Sostrata,

81 1482 111 1535 in
139 1480 190 1534 illa
213 1496 278 1535 vero
304 1481 429 1535 Latinae.
467 1483 579 1550 togatas
605 1480 781 1535 tabernarias
806 1479 837 1533 in
862 1495 994 1534 scaenam
1020 1480 1098 1534 data-

81 1554 181 1606 verunt
203 1552 355 1622 praecipue
379 1554 447 1619 duo,
471 1553 500 1606 L.
516 1552 648 1606 Afranius
668 1555 696 1606 et
715 1550 743 1606 Ο.
764 1550 894 1617 Quintius
914 1552 952 1622 [g.
972 1550 1100 1620 quintius

82 1625 153 1678 AM
169 1624 298 1693 quintilis
313 1624 366 1748 Bk
385 1641 451 1679 nam
470 1624 617 1679 Terentius
636 1626 665 1679 et
679 1622 816 1678 Caecilius
835 1623 994 1677 comoedias
1013 1622 1099 1690 scrip-

82 1697 185 1749 serunt.
219 1695 321 1749 Latina
364 1696 471 1749 tellana
490 1712 507 1749 a
525 1695 631 1749 Graeca
650 1693 772 1763 satyrica
791 1693 894 1760 differt,
914 1695 989 1761 quod
1008 1694 1038 1746 in
1057 1709 1099 1747 sa-

82 1766 174 1836 tyrica
198 1766 256 1820 fere
282 1769 439 1836 satyrorum
464 1783 599 1836 personae
625 1766 797 1820 inducuntur
822 1767 872 1819 aut
895 1766 920 1820 si
943 1781 1015 1832 qnae
1035 1766 1100 1818 sunt

82 1837 219 1892 ridiculae
243 1838 348 1892 similes
372 1839 487 1907 satyris,
511 1838 666 1907 Autolycus
687 1837 793 1891 Busiris
812 1837 842 1890 in
860 1837 993 1890 Atellana
1012 1836 1100 1890 Oscae

82 1926 227 1978 personae,
245 1912 278 1963 nt
296 1910 418 1966 Maccus.
445 1913 479 1979 ef.
494 1911 568 1965 Fert.
580 1927 609 1978 p.
625 1915 706 1976 352⁸,
720 1914 746 1963 8.
766 1910 849 1964 Panl.
864 1910 938 1964 Far.
949 1927 980 1978 p.
994 1912 1060 1973 223,
1075 1912 1100 1961 6.

83 1982 208 2035 Enantb.
228 1983 261 2035 de
279 1982 335 2048 fab.
356 1982 460 2038 Donat.
480 1983 513 2036 de
531 1980 645 2037 comoed.
661 1983 682 2035 I
693 1999 722 2049 p.
738 1983 843 2034 13-31
859 1980 914 2034 We.
948 1981 1022 2034 Dan.
1042 1982 1100 2034 Ter.

83 2053 190 2121 adelph.
206 2054 296 2122 praefi
313 2057 337 2106 7.
366 2054 464 2108 Genera.
486 2055 565 2122 Ornq.
585 2055 617 2107 s‘n
635 2054 705 2107 Hor.
725 2053 785 2106 ΑΡ
802 2054 868 2105 288.
894 2052 967 2122 apa.
983 2052 1015 2106 de
1029 2068 1099 2120 naq.

81 2142 109 2194 p.
130 2125 165 2180 R.
186 2128 211 2190 1,
230 2129 272 2178 40.
310 2127 370 2179 alia
392 2127 425 2180 de
447 2126 584 2179 comoedia
603 2124 750 2179 Diomedes
772 2124 890 2178 tradidit
914 2126 953 2192 (p.
973 2128 1035 2188 491,
1053 2124 1100 2189 20)

83 2196 212 2251 Suetonio
231 2201 341 2251 anetae
359 2214 438 2263 ncne,
464 2214 533 2266 qaae
550 2214 610 2251 nna
628 2214 688 2250 curn
706 2195 893 2265 superioribas
912 2195 949 2248 ad
969 2194 1102 2250 Varronis

84 2269 273 2322 aanoritaten
291 2271 414 2323 revocari
428 2271 536 2336 possint
540 2289 551 2336 ,·
569 2269 615 2322 sed
633 2274 706 2323 certa
724 2267 831 2321 indicia
849 2266 1048 2320 desiderantur.

83 2463 133 2516 Da
153 2462 441 2528 QUAESTIONIBUS
462 2463 644 2518 SCAENICIS

564 2601 629 2655 307

152 2712 238 2772 docet
270 2713 366 2771 Varro
399 2733 494 2789 neque
526 2714 558 2771 in
589 2712 646 2772 hae
680 2712 785 2771 fabula
822 2706 967 2791 [Hecyra]
1005 2731 1101 2788 neque

84 2793 117 2860 in
144 2801 213 2860 aliis
241 2821 304 2861 esse
334 2803 516 2877 mirandum,
550 2802 630 2877 quod
657 2805 742 2861 actus
769 2803 898 2876 impares
929 2819 1102 2860 scaenarum

84 2893 322 2968 paginarumque
343 2893 403 2950 sint
425 2910 556 2966 numero,
580 2910 648 2949 cum
666 2891 739 2950 haec
758 2891 928 2949 distributio
947 2893 979 2948 in
1002 2910 1102 2949 rerum

85 2980 292 3056 discriptione,
322 3000 381 3039 non
404 2983 436 3039 in
460 3000 582 3040 numero
605 2999 744 3039 versuum
772 2981 937 3039 constituta
960 2980 1012 3054 sit,
1042 2999 1102 3039 non

86 3069 168 3145 apud
191 3069 316 3129 Latinos
339 3069 436 3145 modo,
460 3090 564 3129 verum
588 3069 678 3128 etiam
703 3069 784 3144 apud
808 3067 936 3128 Graecos
958 3071 1047 3144 ipsos.
1116 3089 1128 3129 a

157 3170 231 3224 Dan.
245 3170 303 3223 Ter.
319 3169 372 3223 hec.
383 3170 474 3237 praef.
491 3173 545 3235 3,6
563 3171 739 3222 constantem
753 3183 825 3222 Varro
840 3200 866 3207 -
879 3183 945 3230 ipsos.
978 3169 1012 3234 cf.
1027 3169 1101 3222 Don.

86 3240 166 3294 andr.
193 3241 281 3308 praef.
307 3244 335 3306 2,
354 3244 378 3293 3.
408 3245 432 3305 3,
453 3245 486 3307 6;
513 3257 573 3294 ean.
599 3246 625 3307 1,
645 3240 696 3307 5¹‘;
723 3240 828 3308 adelph.
854 3245 879 3305 1,
899 3240 942 3294 db.
979 3240 1101 3294 Sebrida-

85 3313 196 3378 nantel,
210 3318 311 3380 quaest.
328 3312 451 3366 Errantt.
463 3331 493 3382 p.
505 3316 541 3366 32
560 3313 624 3367 adn.
636 3317 660 3364 1.
694 3313 758 3378 Lea,
773 3312 817 3366 ΡΖ.
833 3312 868 3366 F.
880 3329 909 3380 p.
920 3316 1018 3379 209sq.
1038 3311 1103 3364 baec

85 3383 186 3437 raetiae
209 3384 246 3437 ad
269 3384 352 3437 libros
375 3385 418 3438 De
441 3386 595 3438 actionibus
619 3400 721 3449 scaen,
750 3399 829 3451 qnare
855 3384 899 3436 De
923 3384 991 3437 eatis
1012 3399 1101 3436 scaen.

85 3454 196 3520 referas.
239 3474 257 3509 a
281 3455 402 3509 Varrone
429 3457 492 3510 itera
517 3455 705 3523 praefationes
729 3455 890 3509 Donaticni
919 3453 1117 3506 cortanenseris

86 3524 124 3579 ad
146 3527 299 3580 Terentiam
317 3527 457 3582 derivatae
474 3529 619 3597 nidentnr3
647 3528 683 3597 cf.
706 3529 775 3595 Leo,
794 3527 853 3582 Bb.
868 3527 952 3580 Mus.
965 3526 1007 3574 ‘³38
1030 3517 1140 3586 &1333

72 3613 104 3660 p.
121 3600 181 3648 327,
211 3597 326 3651 Herrree
341 3602 381 3652 24
399 3602 498 3673 (1889)
511 3620 545 3674 p.
563 3607 609 3659 71.

880 3685 939 3742 Ἃ*
