<?xml version="1.0" encoding="UTF-8"?>
<!DOCTYPE html PUBLIC "-//W3C//DTD XHTML 1.0 Transitional//EN"
    "http://www.w3.org/TR/xhtml1/DTD/xhtml1-transitional.dtd">
<html xmlns="http://www.w3.org/1999/xhtml" xml:lang="en" lang="en">
 <head>
  <title>
</title>
<meta http-equiv="Content-Type" content="text/html;charset=utf-8" />
  <meta name='ocr-system' content='tesseract 3.04.00' />
  <meta name='ocr-capabilities' content='ocr_page ocr_carea ocr_par ocr_line ocrx_word'/>
</head>
<body>
  <div class='ocr_page' id='page_1' title='image "./grammaticaeroma01funagoog_0367.png"; bbox 0 0 2422 3840; ppageno 0'>
   <div class='ocr_carea' id='block_1_1' title="bbox 86 172 949 243">
    <p class='ocr_par' dir='ltr' id='par_1_1' title="bbox 86 172 949 243">
     <span class='ocr_line' id='line_1_1' title="bbox 86 172 949 243; baseline -0.003 -14"><span class='ocrx_word' id='word_1_1' title='bbox 86 172 152 238; x_wconf 82' lang='grc'>332</span> <span class='ocrx_word' id='word_1_2' title='bbox 236 172 441 227; x_wconf 86' lang='lat' dir='ltr'>Grammaticae</span> <span class='ocrx_word' id='word_1_3' title='bbox 460 173 562 228; x_wconf 90' lang='lat' dir='ltr'>aetatis</span> <span class='ocrx_word' id='word_1_4' title='bbox 582 172 771 226; x_wconf 87' lang='lat' dir='ltr'>Varronianae</span> <span class='ocrx_word' id='word_1_5' title='bbox 790 173 949 243; x_wconf 87' lang='lat' dir='ltr'>fragmenta</span> 
     </span>
    </p>
   </div>
   <div class='ocr_carea' id='block_1_2' title="bbox 82 332 1104 1475">
    <p class='ocr_par' dir='ltr' id='par_1_2' title="bbox 82 332 1104 1475">
     <span class='ocr_line' id='line_1_2' title="bbox 82 332 1101 403; baseline -0.001 -15"><span class='ocrx_word' id='word_1_6' title='bbox 82 335 157 389; x_wconf 84' lang='lat' dir='ltr'>vium</span> <span class='ocrx_word' id='word_1_7' title='bbox 177 334 362 403; x_wconf 72' lang='lat' dir='ltr'><strong>Numitorem,</strong></span> <span class='ocrx_word' id='word_1_8' title='bbox 381 333 498 388; x_wconf 86' lang='lat' dir='ltr'>fratrem</span> <span class='ocrx_word' id='word_1_9' title='bbox 516 333 576 388; x_wconf 89' lang='lat' dir='ltr'>eius</span> <span class='ocrx_word' id='word_1_10' title='bbox 594 332 738 387; x_wconf 85' lang='lat' dir='ltr'><strong>Amulium</strong></span> <span class='ocrx_word' id='word_1_11' title='bbox 757 332 874 387; x_wconf 81' lang='lat' dir='ltr'>Silvium</span> <span class='ocrx_word' id='word_1_12' title='bbox 893 349 926 388; x_wconf 85' lang='lat' dir='ltr'>ec</span> <span class='ocrx_word' id='word_1_13' title='bbox 944 333 1101 402; x_wconf 80' lang='lat' dir='ltr'>superiores</span> 
     </span>
     <span class='ocr_line' id='line_1_3' title="bbox 82 404 1101 475; baseline 0.001 -17"><span class='ocrx_word' id='word_1_14' title='bbox 82 406 256 460; x_wconf 89' lang='lat' dir='ltr'>Albanorum</span> <span class='ocrx_word' id='word_1_15' title='bbox 279 421 359 475; x_wconf 85' lang='lat' dir='ltr'>reges</span> <span class='ocrx_word' id='word_1_16' title='bbox 379 404 515 475; x_wconf 75' lang='lat' dir='ltr'>Capetum</span> <span class='ocrx_word' id='word_1_17' title='bbox 534 404 664 472; x_wconf 79' lang='lat' dir='ltr'>Silvium,</span> <span class='ocrx_word' id='word_1_18' title='bbox 687 405 843 475; x_wconf 75' lang='lat' dir='ltr'>Agrippam</span> <span class='ocrx_word' id='word_1_19' title='bbox 866 405 984 459; x_wconf 83' lang='lat' dir='ltr'>Silvium</span> <span class='ocrx_word' id='word_1_20' title='bbox 1007 407 1101 474; x_wconf 90' lang='lat' dir='ltr'>poste-</span> 
     </span>
     <span class='ocr_line' id='line_1_4' title="bbox 83 475 1101 544; baseline -0.001 -13"><span class='ocrx_word' id='word_1_21' title='bbox 83 478 225 544; x_wconf 88' lang='lat' dir='ltr'>rioresque</span> <span class='ocrx_word' id='word_1_22' title='bbox 241 477 325 531; x_wconf 89' lang='lat' dir='ltr'>duces</span> <span class='ocrx_word' id='word_1_23' title='bbox 340 476 472 530; x_wconf 90' lang='lat' dir='ltr'>Mettium</span> <span class='ocrx_word' id='word_1_24' title='bbox 485 475 626 530; x_wconf 73' lang='lat' dir='ltr'>Fufetium</span> <span class='ocrx_word' id='word_1_25' title='bbox 642 479 671 530; x_wconf 88' lang='lat' dir='ltr'>et</span> <span class='ocrx_word' id='word_1_26' title='bbox 685 477 817 531; x_wconf 79' lang='lat' dir='ltr'>Tutorem</span> <span class='ocrx_word' id='word_1_27' title='bbox 828 475 964 531; x_wconf 84' lang='lat' dir='ltr'>Cloelium</span> <span class='ocrx_word' id='word_1_28' title='bbox 978 478 1101 530; x_wconf 87' lang='lat' dir='ltr'>vocatos.</span> 
     </span>
     <span class='ocr_line' id='line_1_5' title="bbox 84 547 1102 618; baseline -0.001 -17"><span class='ocrx_word' id='word_1_29' title='bbox 84 565 136 602; x_wconf 91' lang='lat' dir='ltr'>nec</span> <span class='ocrx_word' id='word_1_30' title='bbox 163 547 288 603; x_wconf 88' lang='lat' dir='ltr'>contenti</span> <span class='ocrx_word' id='word_1_31' title='bbox 306 547 350 601; x_wconf 90' lang='lat' dir='ltr'>his</span> <span class='ocrx_word' id='word_1_32' title='bbox 374 549 410 601; x_wconf 90' lang='lat' dir='ltr'>ad</span> <span class='ocrx_word' id='word_1_33' title='bbox 434 548 553 603; x_wconf 86' lang='lat' dir='ltr'>Sabinos</span> <span class='ocrx_word' id='word_1_34' title='bbox 574 548 831 618; x_wconf 88' lang='lat' dir='ltr'>transgrediuntur:</span> <span class='ocrx_word' id='word_1_35' title='bbox 865 547 961 601; x_wconf 84' lang='lat' dir='ltr'>Titum</span> <span class='ocrx_word' id='word_1_36' title='bbox 979 547 1102 615; x_wconf 79' lang='lat' dir='ltr'>Tatium,</span> 
     </span>
     <span class='ocr_line' id='line_1_6' title="bbox 83 618 1103 688; baseline 0 -16"><span class='ocrx_word' id='word_1_37' title='bbox 83 620 205 673; x_wconf 80' lang='lat' dir='ltr'>Numam</span> <span class='ocrx_word' id='word_1_38' title='bbox 229 618 398 688; x_wconf 86' lang='lat' dir='ltr'>Pompilium</span> <span class='ocrx_word' id='word_1_39' title='bbox 425 652 466 674; x_wconf 94' lang='lat'>-.</span> <span class='ocrx_word' id='word_1_40' title='bbox 508 619 538 673; x_wconf 91' lang='lat' dir='ltr'>in</span> <span class='ocrx_word' id='word_1_41' title='bbox 563 620 638 673; x_wconf 92' lang='lat' dir='ltr'>hunc</span> <span class='ocrx_word' id='word_1_42' title='bbox 662 620 777 673; x_wconf 90' lang='lat' dir='ltr'>modum</span> <span class='ocrx_word' id='word_1_43' title='bbox 801 619 935 674; x_wconf 84' lang='lat' dir='ltr'>Varronis</span> <span class='ocrx_word' id='word_1_44' title='bbox 962 619 1103 673; x_wconf 85' lang='lat' dir='ltr'>sententia</span> 
     </span>
     <span class='ocr_line' id='line_1_7' title="bbox 84 690 1101 760; baseline 0.002 -17"><span class='ocrx_word' id='word_1_45' title='bbox 84 691 235 744; x_wconf 89' lang='lat' dir='ltr'>subruitur.</span> <span class='ocrx_word' id='word_1_46' title='bbox 257 705 405 746; x_wconf 72' lang='lat' dir='ltr'>Rommos-</span> <span class='ocrx_word' id='word_1_47' title='bbox 415 717 533 755; x_wconf 72' lang='lat' dir='ltr'>agnomen.</span> <span class='ocrx_word' id='word_1_48' title='bbox 562 707 680 760; x_wconf 90' lang='lat' dir='ltr'>quorum</span> <span class='ocrx_word' id='word_1_49' title='bbox 695 691 779 744; x_wconf 87' lang='lat' dir='ltr'>series</span> <span class='ocrx_word' id='word_1_50' title='bbox 794 690 914 758; x_wconf 89' lang='lat' dir='ltr'>nonita,</span> <span class='ocrx_word' id='word_1_51' title='bbox 929 692 961 745; x_wconf 89' lang='lat' dir='ltr'>ut</span> <span class='ocrx_word' id='word_1_52' title='bbox 975 691 1101 760; x_wconf 77' lang='lat' dir='ltr'>exposui,</span> 
     </span>
     <span class='ocr_line' id='line_1_8' title="bbox 84 762 1103 831; baseline 0 -15"><span class='ocrx_word' id='word_1_53' title='bbox 84 779 194 831; x_wconf 79' lang='lat' dir='ltr'>semper</span> <span class='ocrx_word' id='word_1_54' title='bbox 213 764 322 816; x_wconf 84' lang='lat' dir='ltr'>servata</span> <span class='ocrx_word' id='word_1_55' title='bbox 342 764 396 829; x_wconf 85' lang='lat' dir='ltr'>est;</span> <span class='ocrx_word' id='word_1_56' title='bbox 421 763 614 817; x_wconf 84' lang='lat' dir='ltr'>animadverto</span> <span class='ocrx_word' id='word_1_57' title='bbox 634 763 708 816; x_wconf 88' lang='lat' dir='ltr'>enim</span> <span class='ocrx_word' id='word_1_58' title='bbox 727 762 757 815; x_wconf 94' lang='lat' dir='ltr'>in</span> <span class='ocrx_word' id='word_1_59' title='bbox 776 762 921 816; x_wconf 86' lang='lat' dir='ltr'>consulum</span> <span class='ocrx_word' id='word_1_60' title='bbox 939 762 1021 816; x_wconf 84' lang='lat' dir='ltr'>fastis</span> <span class='ocrx_word' id='word_1_61' title='bbox 1039 779 1103 831; x_wconf 88' lang='lat' dir='ltr'>per-</span> 
     </span>
     <span class='ocr_line' id='line_1_9' title="bbox 84 833 1103 904; baseline 0.001 -18"><span class='ocrx_word' id='word_1_62' title='bbox 84 833 197 902; x_wconf 84' lang='lat' dir='ltr'>plexum</span> <span class='ocrx_word' id='word_1_63' title='bbox 215 851 296 887; x_wconf 92' lang='lat' dir='ltr'>usum</span> <span class='ocrx_word' id='word_1_64' title='bbox 315 835 528 904; x_wconf 87' lang='lat' dir='ltr'>praenominum</span> <span class='ocrx_word' id='word_1_65' title='bbox 547 836 576 887; x_wconf 92' lang='lat' dir='ltr'>et</span> <span class='ocrx_word' id='word_1_66' title='bbox 595 834 791 904; x_wconf 79' lang='lat' dir='ltr'>cognominum</span> <span class='ocrx_word' id='word_1_67' title='bbox 810 833 905 888; x_wconf 89' lang='lat' dir='ltr'>fuisse.</span> <span class='ocrx_word' id='word_1_68' title='bbox 930 865 963 874; x_wconf 94' lang='lat'>—</span> <span class='ocrx_word' id='word_1_69' title='bbox 987 848 1103 898; x_wconf 73' lang='lat' dir='ltr'>geunnen</span> 
     </span>
     <span class='ocr_line' id='line_1_10' title="bbox 83 905 1103 974; baseline 0.001 -16"><span class='ocrx_word' id='word_1_70' title='bbox 83 937 110 945; x_wconf 90' lang='lat'><em>-</em></span> <span class='ocrx_word' id='word_1_71' title='bbox 124 917 211 959; x_wconf 71' lang='lat' dir='ltr'>caesar.</span> <span class='ocrx_word' id='word_1_72' title='bbox 243 905 275 960; x_wconf 80' lang='lat' dir='ltr'>de</span> <span class='ocrx_word' id='word_1_73' title='bbox 292 923 321 960; x_wconf 80' lang='lat' dir='ltr'>re</span> <span class='ocrx_word' id='word_1_74' title='bbox 339 907 375 972; x_wconf 78' lang='lat' dir='ltr'>cs.</span> <span class='ocrx_word' id='word_1_75' title='bbox 395 906 554 973; x_wconf 82' lang='lat' dir='ltr'>Mommsen,</span> <span class='ocrx_word' id='word_1_76' title='bbox 573 906 652 959; x_wconf 81' lang='lat' dir='ltr'>Rom.</span> <span class='ocrx_word' id='word_1_77' title='bbox 672 906 784 960; x_wconf 72' lang='lat' dir='ltr'>Forsan.</span> <span class='ocrx_word' id='word_1_78' title='bbox 800 910 825 972; x_wconf 88' lang='lat'>1,</span> <span class='ocrx_word' id='word_1_79' title='bbox 839 910 884 960; x_wconf 75' lang='lat'>20.</span> <span class='ocrx_word' id='word_1_80' title='bbox 900 910 942 960; x_wconf 84' lang='lat'>31.</span> <span class='ocrx_word' id='word_1_81' title='bbox 959 910 1003 962; x_wconf 81' lang='lat'>62.</span> <span class='ocrx_word' id='word_1_82' title='bbox 1034 907 1103 974; x_wconf 80' lang='lat' dir='ltr'>qnia</span> 
     </span>
     <span class='ocr_line' id='line_1_11' title="bbox 84 977 1102 1047; baseline 0.002 -17"><span class='ocrx_word' id='word_1_83' title='bbox 84 993 145 1030; x_wconf 83' lang='lat' dir='ltr'>enm</span> <span class='ocrx_word' id='word_1_84' title='bbox 167 978 216 1031; x_wconf 81' lang='lat' dir='ltr'>boe</span> <span class='ocrx_word' id='word_1_85' title='bbox 234 994 266 1031; x_wconf 85' lang='lat' dir='ltr'>ea</span> <span class='ocrx_word' id='word_1_86' title='bbox 284 994 388 1045; x_wconf 80' lang='lat' dir='ltr'>quoqne</span> <span class='ocrx_word' id='word_1_87' title='bbox 412 995 480 1046; x_wconf 77' lang='lat' dir='ltr'>qnae</span> <span class='ocrx_word' id='word_1_88' title='bbox 504 984 631 1032; x_wconf 76' lang='lat' dir='ltr'>secantur</span> <span class='ocrx_word' id='word_1_89' title='bbox 653 978 822 1047; x_wconf 68' lang='lat' dir='ltr'>secernente,</span> <span class='ocrx_word' id='word_1_90' title='bbox 845 978 894 1032; x_wconf 83' lang='lat' dir='ltr'>nbi</span> <span class='ocrx_word' id='word_1_91' title='bbox 916 977 995 1032; x_wconf 81' lang='lat' dir='ltr'>semei</span> <span class='ocrx_word' id='word_1_92' title='bbox 1012 978 1102 1032; x_wconf 81' lang='lat' dir='ltr'>denno</span> 
     </span>
     <span class='ocr_line' id='line_1_12' title="bbox 90 1048 1104 1117; baseline 0 -15"><span class='ocrx_word' id='word_1_93' title='bbox 90 1049 177 1102; x_wconf 83' lang='lat' dir='ltr'>Varro</span> <span class='ocrx_word' id='word_1_94' title='bbox 197 1055 293 1103; x_wconf 71' lang='lat' dir='ltr'>aneta</span> <span class='ocrx_word' id='word_1_95' title='bbox 307 1049 440 1103; x_wconf 77' lang='lat' dir='ltr'>laudatar</span> <span class='ocrx_word' id='word_1_96' title='bbox 458 1049 504 1116; x_wconf 84' lang='lat' dir='ltr'>(fr.</span> <span class='ocrx_word' id='word_1_97' title='bbox 520 1051 592 1117; x_wconf 76' lang='lat'>324),</span> <span class='ocrx_word' id='word_1_98' title='bbox 612 1049 650 1102; x_wconf 83' lang='lat' dir='ltr'>ad</span> <span class='ocrx_word' id='word_1_99' title='bbox 663 1066 722 1103; x_wconf 74' lang='lat' dir='ltr'>eane</span> <span class='ocrx_word' id='word_1_100' title='bbox 737 1049 880 1116; x_wconf 82' lang='lat' dir='ltr'>referenda</span> <span class='ocrx_word' id='word_1_101' title='bbox 893 1051 958 1115; x_wconf 83' lang='lat' dir='ltr'>sint,</span> <span class='ocrx_word' id='word_1_102' title='bbox 978 1048 1104 1104; x_wconf 79' lang='lat' dir='ltr'>dubitari</span> 
     </span>
     <span class='ocr_line' id='line_1_13' title="bbox 83 1120 1103 1192; baseline 0 -18"><span class='ocrx_word' id='word_1_103' title='bbox 83 1137 140 1174; x_wconf 92' lang='lat' dir='ltr'>non</span> <span class='ocrx_word' id='word_1_104' title='bbox 162 1126 256 1192; x_wconf 29' lang='lat' dir='ltr'>porea,</span> <span class='ocrx_word' id='word_1_105' title='bbox 280 1121 324 1186; x_wconf 78' lang='lat' dir='ltr'>(es.</span> <span class='ocrx_word' id='word_1_106' title='bbox 345 1120 510 1187; x_wconf 84' lang='lat' dir='ltr'>Mommsen,</span> <span class='ocrx_word' id='word_1_107' title='bbox 535 1120 587 1175; x_wconf 78' lang='lat' dir='ltr'>Ra.</span> <span class='ocrx_word' id='word_1_108' title='bbox 611 1120 989 1189; x_wconf 78' lang='lat' dir='ltr'>Mas.15,181adn.24);</span> <span class='ocrx_word' id='word_1_109' title='bbox 1017 1137 1103 1189; x_wconf 71' lang='lat' dir='ltr'>ncesse</span> 
     </span>
     <span class='ocr_line' id='line_1_14' title="bbox 84 1191 1102 1260; baseline 0.002 -17"><span class='ocrx_word' id='word_1_110' title='bbox 84 1191 198 1244; x_wconf 78' lang='lat' dir='ltr'>aliunde</span> <span class='ocrx_word' id='word_1_111' title='bbox 214 1193 325 1245; x_wconf 78' lang='lat' dir='ltr'>Verrius</span> <span class='ocrx_word' id='word_1_112' title='bbox 343 1208 395 1245; x_wconf 84' lang='lat' dir='ltr'>saa</span> <span class='ocrx_word' id='word_1_113' title='bbox 414 1191 446 1246; x_wconf 80' lang='lat' dir='ltr'>de</span> <span class='ocrx_word' id='word_1_114' title='bbox 460 1192 557 1246; x_wconf 79' lang='lat' dir='ltr'>iisdem</span> <span class='ocrx_word' id='word_1_115' title='bbox 567 1193 794 1259; x_wconf 59' lang='lat' dir='ltr'>praenominantur</span> <span class='ocrx_word' id='word_1_116' title='bbox 807 1193 907 1245; x_wconf 81' lang='lat' dir='ltr'>bausit.</span> <span class='ocrx_word' id='word_1_117' title='bbox 928 1194 962 1260; x_wconf 78' lang='lat' dir='ltr'>cs.</span> <span class='ocrx_word' id='word_1_118' title='bbox 976 1191 1102 1246; x_wconf 75' lang='lat' dir='ltr'>Reitzen-</span> 
     </span>
     <span class='ocr_line' id='line_1_15' title="bbox 83 1263 1101 1333; baseline 0.001 -17"><span class='ocrx_word' id='word_1_119' title='bbox 83 1263 162 1329; x_wconf 77' lang='lat' dir='ltr'>stein,</span> <span class='ocrx_word' id='word_1_120' title='bbox 178 1264 252 1317; x_wconf 77' lang='lat' dir='ltr'>Vera</span> <span class='ocrx_word' id='word_1_121' title='bbox 268 1263 380 1318; x_wconf 76' lang='lat' dir='ltr'>Forsan.</span> <span class='ocrx_word' id='word_1_122' title='bbox 396 1280 426 1331; x_wconf 80' lang='lat' dir='ltr'>p.</span> <span class='ocrx_word' id='word_1_123' title='bbox 441 1267 520 1333; x_wconf 78' lang='lat' dir='ltr'>23sq.</span> <span class='ocrx_word' id='word_1_124' title='bbox 546 1264 661 1330; x_wconf 80' lang='lat' dir='ltr'>sortasse</span> <span class='ocrx_word' id='word_1_125' title='bbox 679 1264 712 1318; x_wconf 84' lang='lat' dir='ltr'>de</span> <span class='ocrx_word' id='word_1_126' title='bbox 729 1264 772 1316; x_wconf 79' lang='lat' dir='ltr'>bis</span> <span class='ocrx_word' id='word_1_127' title='bbox 790 1265 875 1318; x_wconf 81' lang='lat' dir='ltr'>Varro</span> <span class='ocrx_word' id='word_1_128' title='bbox 893 1265 925 1316; x_wconf 78' lang='lat' dir='ltr'>in</span> <span class='ocrx_word' id='word_1_129' title='bbox 939 1265 1035 1332; x_wconf 77' lang='lat' dir='ltr'>Antia.</span> <span class='ocrx_word' id='word_1_130' title='bbox 1050 1281 1101 1317; x_wconf 82' lang='lat' dir='ltr'>rer.</span> 
     </span>
     <span class='ocr_line' id='line_1_16' title="bbox 83 1334 1102 1403; baseline 0.004 -17"><span class='ocrx_word' id='word_1_131' title='bbox 83 1335 155 1387; x_wconf 69' lang='lat' dir='ltr'>Iacens.</span> <span class='ocrx_word' id='word_1_132' title='bbox 175 1335 336 1402; x_wconf 77' lang='lat' dir='ltr'>disputavit,</span> <span class='ocrx_word' id='word_1_133' title='bbox 358 1341 427 1389; x_wconf 82' lang='lat' dir='ltr'>certe</span> <span class='ocrx_word' id='word_1_134' title='bbox 444 1351 501 1390; x_wconf 92' lang='lat' dir='ltr'>non</span> <span class='ocrx_word' id='word_1_135' title='bbox 519 1337 551 1389; x_wconf 80' lang='lat' dir='ltr'>in</span> <span class='ocrx_word' id='word_1_136' title='bbox 575 1335 653 1389; x_wconf 77' lang='lat' dir='ltr'>libris</span> <span class='ocrx_word' id='word_1_137' title='bbox 671 1335 716 1389; x_wconf 89' lang='lat' dir='ltr'>De</span> <span class='ocrx_word' id='word_1_138' title='bbox 734 1336 791 1388; x_wconf 79' lang='lat' dir='ltr'>os&#39;ta</span> <span class='ocrx_word' id='word_1_139' title='bbox 806 1351 835 1402; x_wconf 82' lang='lat' dir='ltr'>p.</span> <span class='ocrx_word' id='word_1_140' title='bbox 852 1334 886 1387; x_wconf 85' lang='lat' dir='ltr'>R.</span> <span class='ocrx_word' id='word_1_141' title='bbox 911 1336 955 1403; x_wconf 82' lang='lat' dir='ltr'>(cs.</span> <span class='ocrx_word' id='word_1_142' title='bbox 976 1336 1102 1402; x_wconf 80' lang='lat' dir='ltr'>Kettner,</span> 
     </span>
     <span class='ocr_line' id='line_1_17' title="bbox 86 1405 641 1475; baseline 0.002 -17"><span class='ocrx_word' id='word_1_143' title='bbox 86 1407 128 1458; x_wconf 90' lang='lat' dir='ltr'>M.</span> <span class='ocrx_word' id='word_1_144' title='bbox 150 1405 207 1460; x_wconf 75' lang='lat' dir='ltr'>Ter.</span> <span class='ocrx_word' id='word_1_145' title='bbox 224 1407 303 1460; x_wconf 88' lang='lat' dir='ltr'>Varr.</span> <span class='ocrx_word' id='word_1_146' title='bbox 324 1406 356 1458; x_wconf 78' lang='lat' dir='ltr'>de</span> <span class='ocrx_word' id='word_1_147' title='bbox 374 1408 432 1460; x_wconf 80' lang='lat' dir='ltr'>vita</span> <span class='ocrx_word' id='word_1_148' title='bbox 446 1423 476 1474; x_wconf 82' lang='lat' dir='ltr'>p.</span> <span class='ocrx_word' id='word_1_149' title='bbox 492 1407 527 1461; x_wconf 83' lang='lat' dir='ltr'>R.</span> <span class='ocrx_word' id='word_1_150' title='bbox 544 1424 573 1475; x_wconf 84' lang='lat' dir='ltr'>p.</span> <span class='ocrx_word' id='word_1_151' title='bbox 588 1409 641 1474; x_wconf 88' lang='lat'>16).</span> 
     </span>
    </p>
   </div>
   <div class='ocr_carea' id='block_1_3' title="bbox 84 1510 1104 1868">
    <p class='ocr_par' dir='ltr' id='par_1_3' title="bbox 84 1510 1104 1868">
     <span class='ocr_line' id='line_1_18' title="bbox 158 1510 1104 1581; baseline 0.002 -18"><span class='ocrx_word' id='word_1_152' title='bbox 158 1518 170 1564; x_wconf 92' lang='lat'>1</span> <span class='ocrx_word' id='word_1_153' title='bbox 191 1510 278 1564; x_wconf 86' lang='lat' dir='ltr'>fuisse</span> <span class='ocrx_word' id='word_1_154' title='bbox 297 1528 370 1565; x_wconf 92' lang='lat' dir='ltr'>nom.</span> <span class='ocrx_word' id='word_1_155' title='bbox 390 1531 408 1566; x_wconf 89' lang='lat' dir='ltr'>a</span> <span class='ocrx_word' id='word_1_156' title='bbox 419 1539 451 1557; x_wconf 95' lang='lat'>=</span> <span class='ocrx_word' id='word_1_157' title='bbox 463 1513 520 1567; x_wconf 82' lang='lat' dir='ltr'>cod.</span> <span class='ocrx_word' id='word_1_158' title='bbox 531 1514 616 1567; x_wconf 87' lang='lat' dir='ltr'>Bern.</span> <span class='ocrx_word' id='word_1_159' title='bbox 635 1514 777 1567; x_wconf 76' lang='lat' dir='ltr'>schedulae</span> <span class='ocrx_word' id='word_1_160' title='bbox 792 1513 907 1566; x_wconf 76' lang='lat' dir='ltr'>Paridis</span> <span class='ocrx_word' id='word_1_161' title='bbox 921 1514 983 1581; x_wconf 82' lang='lat' dir='ltr'>epit.</span> <span class='ocrx_word' id='word_1_162' title='bbox 997 1519 1104 1580; x_wconf 76' lang='lat' dir='ltr'>partern-</span> 
     </span>
     <span class='ocr_line' id='line_1_19' title="bbox 85 1583 1103 1656; baseline 0.002 -19"><span class='ocrx_word' id='word_1_163' title='bbox 85 1585 250 1637; x_wconf 83' lang='lat' dir='ltr'>conn&#39;nentes</span> <span class='ocrx_word' id='word_1_164' title='bbox 359 1589 374 1636; x_wconf 89' lang='lat'>6</span> <span class='ocrx_word' id='word_1_165' title='bbox 404 1583 518 1637; x_wconf 85' lang='lat' dir='ltr'>nomina</span> <span class='ocrx_word' id='word_1_166' title='bbox 548 1585 628 1639; x_wconf 69' lang='lat' dir='ltr'>Gerre</span> <span class='ocrx_word' id='word_1_167' title='bbox 737 1589 753 1638; x_wconf 91' lang='lat'>8</span> <span class='ocrx_word' id='word_1_168' title='bbox 782 1583 881 1656; x_wconf 78' lang='lat' dir='ltr'>(non)</span> <span class='ocrx_word' id='word_1_169' title='bbox 911 1584 990 1637; x_wconf 83' lang='lat' dir='ltr'>eund.</span> <span class='ocrx_word' id='word_1_170' title='bbox 1021 1584 1103 1639; x_wconf 77' lang='lat' dir='ltr'>Gertz</span> 
     </span>
     <span class='ocr_line' id='line_1_20' title="bbox 85 1653 1104 1728; baseline 0.002 -20"><span class='ocrx_word' id='word_1_171' title='bbox 85 1653 214 1723; x_wconf 75' lang='lat' dir='ltr'>optinent</span> <span class='ocrx_word' id='word_1_172' title='bbox 229 1655 285 1709; x_wconf 79' lang='lat' dir='ltr'>eod.</span> <span class='ocrx_word' id='word_1_173' title='bbox 301 1672 335 1708; x_wconf 88' lang='lat' dir='ltr'>n.</span> <span class='ocrx_word' id='word_1_174' title='bbox 350 1659 370 1709; x_wconf 78' lang='lat'><strong><em>2</em></strong></span> <span class='ocrx_word' id='word_1_175' title='bbox 383 1662 407 1709; x_wconf 83' lang='lat' dir='ltr'>et</span> <span class='ocrx_word' id='word_1_176' title='bbox 421 1674 439 1709; x_wconf 90' lang='lat' dir='ltr'>a</span> <span class='ocrx_word' id='word_1_177' title='bbox 506 1661 521 1708; x_wconf 83' lang='lat'>9</span> <span class='ocrx_word' id='word_1_178' title='bbox 541 1656 652 1724; x_wconf 87' lang='lat' dir='ltr'>proprie</span> <span class='ocrx_word' id='word_1_179' title='bbox 667 1655 724 1709; x_wconf 86' lang='lat' dir='ltr'>tale</span> <span class='ocrx_word' id='word_1_180' title='bbox 739 1657 837 1725; x_wconf 71' lang='lat' dir='ltr'>screpsi</span> <span class='ocrx_word' id='word_1_181' title='bbox 852 1654 1071 1728; x_wconf 87' lang='lat' dir='ltr'>&lt;propri&gt;etate</span> <span class='ocrx_word' id='word_1_182' title='bbox 1085 1675 1104 1710; x_wconf 91' lang='lat' dir='ltr'>a</span> 
     </span>
     <span class='ocr_line' id='line_1_21' title="bbox 84 1725 1103 1796; baseline 0.003 -17"><span class='ocrx_word' id='word_1_183' title='bbox 84 1742 135 1794; x_wconf 90' lang='lat' dir='ltr'>per</span> <span class='ocrx_word' id='word_1_184' title='bbox 162 1725 364 1794; x_wconf 89' lang='lat' dir='ltr'>proprietatem</span> <span class='ocrx_word' id='word_1_185' title='bbox 392 1728 448 1782; x_wconf 83' lang='lat' dir='ltr'>cod.</span> <span class='ocrx_word' id='word_1_186' title='bbox 473 1733 546 1781; x_wconf 86' lang='lat' dir='ltr'>m.2</span> <span class='ocrx_word' id='word_1_187' title='bbox 573 1743 623 1795; x_wconf 90' lang='lat' dir='ltr'>per</span> <span class='ocrx_word' id='word_1_188' title='bbox 646 1745 696 1782; x_wconf 82' lang='lat' dir='ltr'>ons.</span> <span class='ocrx_word' id='word_1_189' title='bbox 716 1732 786 1781; x_wconf 76' lang='lat' dir='ltr'>nal</span> <span class='ocrx_word' id='word_1_190' title='bbox 813 1726 926 1796; x_wconf 86' lang='lat' dir='ltr'>proprie</span> <span class='ocrx_word' id='word_1_191' title='bbox 953 1726 996 1780; x_wconf 85' lang='lat' dir='ltr'>ita</span> <span class='ocrx_word' id='word_1_192' title='bbox 1022 1728 1103 1782; x_wconf 73' lang='lat' dir='ltr'>Gertz</span> 
     </span>
     <span class='ocr_line' id='line_1_22' title="bbox 86 1797 1055 1868; baseline 0.003 -18"><span class='ocrx_word' id='word_1_193' title='bbox 86 1803 118 1850; x_wconf 78' lang='lat'>12</span> <span class='ocrx_word' id='word_1_194' title='bbox 139 1797 242 1851; x_wconf 88' lang='lat' dir='ltr'>dicitur</span> <span class='ocrx_word' id='word_1_195' title='bbox 261 1815 280 1852; x_wconf 91' lang='lat' dir='ltr'>a</span> <span class='ocrx_word' id='word_1_196' title='bbox 299 1799 387 1852; x_wconf 82' lang='lat' dir='ltr'>Halm</span> <span class='ocrx_word' id='word_1_197' title='bbox 415 1798 487 1852; x_wconf 82' lang='lat' dir='ltr'>sdic.</span> <span class='ocrx_word' id='word_1_198' title='bbox 507 1800 564 1853; x_wconf 80' lang='lat' dir='ltr'>cod.</span> <span class='ocrx_word' id='word_1_199' title='bbox 620 1800 663 1852; x_wconf 91' lang='lat' dir='ltr'>est</span> <span class='ocrx_word' id='word_1_200' title='bbox 677 1805 741 1866; x_wconf 75' lang='lat' dir='ltr'>post</span> <span class='ocrx_word' id='word_1_201' title='bbox 769 1816 832 1868; x_wconf 91' lang='lat' dir='ltr'>agn.</span> <span class='ocrx_word' id='word_1_202' title='bbox 852 1799 916 1852; x_wconf 81' lang='lat' dir='ltr'>add.</span> <span class='ocrx_word' id='word_1_203' title='bbox 936 1800 1055 1868; x_wconf 74' lang='lat' dir='ltr'>Pighius</span> 
     </span>
    </p>
   </div>
   <div class='ocr_carea' id='block_1_4' title="bbox 558 1952 622 2009">
    <p class='ocr_par' dir='ltr' id='par_1_4' title="bbox 558 1952 622 2009">
     <span class='ocr_line' id='line_1_23' title="bbox 558 1952 622 2009; baseline 0 -1"><span class='ocrx_word' id='word_1_204' title='bbox 558 1952 622 2009; x_wconf 76' lang='lat'>324</span> 
     </span>
    </p>
   </div>
   <div class='ocr_carea' id='block_1_5' title="bbox 85 2054 1104 2314">
    <p class='ocr_par' dir='ltr' id='par_1_5' title="bbox 85 2054 1104 2314">
     <span class='ocr_line' id='line_1_24' title="bbox 151 2054 1104 2134; baseline 0.004 -21"><span class='ocrx_word' id='word_1_205' title='bbox 151 2054 267 2114; x_wconf 88' lang='lat' dir='ltr'>Ancum</span> <span class='ocrx_word' id='word_1_206' title='bbox 292 2075 472 2132; x_wconf 88' lang='lat' dir='ltr'>praenomen</span> <span class='ocrx_word' id='word_1_207' title='bbox 495 2059 592 2116; x_wconf 84' lang='lat' dir='ltr'>Varro</span> <span class='ocrx_word' id='word_1_208' title='bbox 616 2076 631 2115; x_wconf 95' lang='lat' dir='ltr'>e</span> <span class='ocrx_word' id='word_1_209' title='bbox 656 2056 774 2116; x_wconf 83' lang='lat' dir='ltr'>Sabinis</span> <span class='ocrx_word' id='word_1_210' title='bbox 801 2059 981 2116; x_wconf 87' lang='lat' dir='ltr'>translatum</span> <span class='ocrx_word' id='word_1_211' title='bbox 1005 2060 1104 2134; x_wconf 81' lang='lat' dir='ltr'>putet,</span> 
     </span>
     <span class='ocr_line' id='line_1_25' title="bbox 85 2139 1104 2224; baseline 0.005 -22"><span class='ocrx_word' id='word_1_212' title='bbox 85 2145 224 2204; x_wconf 83' lang='lat' dir='ltr'>Valerius</span> <span class='ocrx_word' id='word_1_213' title='bbox 254 2146 363 2204; x_wconf 89' lang='lat' dir='ltr'>Antias</span> <span class='ocrx_word' id='word_1_214' title='bbox 397 2139 448 2224; x_wconf 72' lang='lat' dir='ltr'>[fr.</span> <span class='ocrx_word' id='word_1_215' title='bbox 471 2141 503 2224; x_wconf 86' lang='lat'>1]</span> <span class='ocrx_word' id='word_1_216' title='bbox 537 2146 653 2216; x_wconf 82' lang='lat' dir='ltr'>scribit,</span> <span class='ocrx_word' id='word_1_217' title='bbox 686 2146 766 2221; x_wconf 89' lang='lat' dir='ltr'>quod</span> <span class='ocrx_word' id='word_1_218' title='bbox 796 2147 929 2205; x_wconf 89' lang='lat' dir='ltr'>cubitum</span> <span class='ocrx_word' id='word_1_219' title='bbox 960 2147 1104 2207; x_wconf 85' lang='lat' dir='ltr'>vitiosum</span> 
     </span>
     <span class='ocr_line' id='line_1_26' title="bbox 86 2232 714 2314; baseline 0.003 -23"><span class='ocrx_word' id='word_1_220' title='bbox 86 2234 233 2307; x_wconf 85' lang='lat' dir='ltr'>habuerit,</span> <span class='ocrx_word' id='word_1_221' title='bbox 258 2236 311 2309; x_wconf 92' lang='lat' dir='ltr'>qui</span> <span class='ocrx_word' id='word_1_222' title='bbox 333 2253 437 2312; x_wconf 81' lang='lat' dir='ltr'>graece</span> <span class='ocrx_word' id='word_1_223' title='bbox 460 2239 585 2294; x_wconf 84' lang='lat' dir='ltr'>vocatur</span> <span class='ocrx_word' id='word_1_224' title='bbox 607 2232 714 2314; x_wconf 76' lang='grc' dir='ltr'><em>ἀγκών.</em></span> 
     </span>
    </p>
   </div>
   <div class='ocr_carea' id='block_1_6' title="bbox 86 2333 1103 2475">
    <p class='ocr_par' dir='ltr' id='par_1_6' title="bbox 86 2333 1103 2475">
     <span class='ocr_line' id='line_1_27' title="bbox 156 2333 1103 2404; baseline 0.001 -17"><span class='ocrx_word' id='word_1_225' title='bbox 156 2333 229 2387; x_wconf 74' lang='lat' dir='ltr'>loia.</span> <span class='ocrx_word' id='word_1_226' title='bbox 245 2338 262 2387; x_wconf 75' lang='lat'><em>4</em></span> <span class='ocrx_word' id='word_1_227' title='bbox 280 2345 369 2386; x_wconf 75' lang='lat' dir='ltr'>Annum</span> <span class='ocrx_word' id='word_1_228' title='bbox 381 2365 409 2373; x_wconf 93' lang='lat'><em>-</em></span> <span class='ocrx_word' id='word_1_229' title='bbox 423 2341 506 2397; x_wconf 72' lang='grc' dir='ltr'><strong><em>ἀγκών.</em></strong></span> <span class='ocrx_word' id='word_1_230' title='bbox 544 2335 625 2388; x_wconf 82' lang='lat' dir='ltr'>Panl.</span> <span class='ocrx_word' id='word_1_231' title='bbox 645 2335 719 2389; x_wconf 82' lang='lat' dir='ltr'>Fest.</span> <span class='ocrx_word' id='word_1_232' title='bbox 736 2352 764 2403; x_wconf 84' lang='lat' dir='ltr'>p.</span> <span class='ocrx_word' id='word_1_233' title='bbox 781 2338 825 2401; x_wconf 91' lang='lat'>19,</span> <span class='ocrx_word' id='word_1_234' title='bbox 839 2339 874 2388; x_wconf 85' lang='lat'>15</span> <span class='ocrx_word' id='word_1_235' title='bbox 892 2333 986 2387; x_wconf 87' lang='lat' dir='ltr'>Ancus</span> <span class='ocrx_word' id='word_1_236' title='bbox 1006 2335 1103 2404; x_wconf 84' lang='lat' dir='ltr'>appel-</span> 
     </span>
     <span class='ocr_line' id='line_1_28' title="bbox 86 2403 1066 2475; baseline 0.004 -18"><span class='ocrx_word' id='word_1_237' title='bbox 86 2404 169 2471; x_wconf 89' lang='lat' dir='ltr'>latur,</span> <span class='ocrx_word' id='word_1_238' title='bbox 189 2403 237 2471; x_wconf 91' lang='lat' dir='ltr'>qui</span> <span class='ocrx_word' id='word_1_239' title='bbox 256 2404 395 2458; x_wconf 90' lang='lat' dir='ltr'>aduncum</span> <span class='ocrx_word' id='word_1_240' title='bbox 413 2404 560 2459; x_wconf 87' lang='lat' dir='ltr'>brachium</span> <span class='ocrx_word' id='word_1_241' title='bbox 579 2405 665 2459; x_wconf 88' lang='lat' dir='ltr'>habet</span> <span class='ocrx_word' id='word_1_242' title='bbox 684 2406 712 2458; x_wconf 93' lang='lat' dir='ltr'>et</span> <span class='ocrx_word' id='word_1_243' title='bbox 731 2405 871 2475; x_wconf 85' lang='lat' dir='ltr'>exporrigi</span> <span class='ocrx_word' id='word_1_244' title='bbox 889 2423 945 2459; x_wconf 89' lang='lat' dir='ltr'>non</span> <span class='ocrx_word' id='word_1_245' title='bbox 963 2408 1066 2474; x_wconf 88' lang='lat' dir='ltr'>potest.</span> 
     </span>
    </p>
   </div>
   <div class='ocr_carea' id='block_1_7' title="bbox 85 2510 1104 2651">
    <p class='ocr_par' dir='ltr' id='par_1_7' title="bbox 85 2510 1104 2651">
     <span class='ocr_line' id='line_1_29' title="bbox 158 2510 1104 2584; baseline 0.005 -21"><span class='ocrx_word' id='word_1_246' title='bbox 158 2516 173 2563; x_wconf 79' lang='lat'><strong>2</strong></span> <span class='ocrx_word' id='word_1_247' title='bbox 193 2510 292 2564; x_wconf 85' lang='lat' dir='ltr'>Antias</span> <span class='ocrx_word' id='word_1_248' title='bbox 312 2513 430 2582; x_wconf 75' lang='lat' dir='ltr'>Pighius</span> <span class='ocrx_word' id='word_1_249' title='bbox 453 2515 537 2566; x_wconf 83' lang='lat' dir='ltr'>antea</span> <span class='ocrx_word' id='word_1_250' title='bbox 555 2514 611 2566; x_wconf 79' lang='lat' dir='ltr'>eod.</span> <span class='ocrx_word' id='word_1_251' title='bbox 633 2514 699 2566; x_wconf 74' lang='lat' dir='ltr'>Mas¹</span> <span class='ocrx_word' id='word_1_252' title='bbox 790 2513 832 2566; x_wconf 88' lang='lat' dir='ltr'>ita</span> <span class='ocrx_word' id='word_1_253' title='bbox 855 2514 984 2568; x_wconf 86' lang='lat' dir='ltr'>vocatum</span> <span class='ocrx_word' id='word_1_254' title='bbox 1007 2531 1104 2584; x_wconf 88' lang='lat' dir='ltr'>regem</span> 
     </span>
     <span class='ocr_line' id='line_1_30' title="bbox 85 2581 940 2651; baseline 0.005 -17"><span class='ocrx_word' id='word_1_255' title='bbox 85 2581 194 2636; x_wconf 89' lang='lat' dir='ltr'>Ancum</span> <span class='ocrx_word' id='word_1_256' title='bbox 209 2589 273 2650; x_wconf 79' lang='lat' dir='ltr'>post</span> <span class='ocrx_word' id='word_1_257' title='bbox 297 2582 398 2636; x_wconf 88' lang='lat' dir='ltr'>Antias</span> <span class='ocrx_word' id='word_1_258' title='bbox 418 2583 482 2638; x_wconf 78' lang='lat' dir='ltr'>add.</span> <span class='ocrx_word' id='word_1_259' title='bbox 504 2585 585 2639; x_wconf 70' lang='lat' dir='ltr'>Gertz</span> <span class='ocrx_word' id='word_1_260' title='bbox 640 2599 695 2651; x_wconf 92' lang='lat' dir='ltr'>quo</span> <span class='ocrx_word' id='word_1_261' title='bbox 786 2587 940 2637; x_wconf 73' lang='grc' dir='ltr'>ΒΑΝΚωΝ</span> 
     </span>
    </p>
   </div>
   <div class='ocr_carea' id='block_1_8' title="bbox 558 2735 624 2794">
    <p class='ocr_par' dir='ltr' id='par_1_8' title="bbox 558 2735 624 2794">
     <span class='ocr_line' id='line_1_31' title="bbox 558 2735 624 2794; baseline -0.015 0"><span class='ocrx_word' id='word_1_262' title='bbox 558 2735 624 2794; x_wconf 82' lang='lat'>325</span> 
     </span>
    </p>
   </div>
   <div class='ocr_carea' id='block_1_9' title="bbox 86 2836 1103 2988">
    <p class='ocr_par' dir='ltr' id='par_1_9' title="bbox 86 2836 1103 2988">
     <span class='ocr_line' id='line_1_32' title="bbox 153 2836 1103 2941; baseline 0.002 -41"><span class='ocrx_word' id='word_1_263' title='bbox 153 2838 269 2941; x_wconf 83' lang='lat' dir='ltr'>Appius</span> <span class='ocrx_word' id='word_1_264' title='bbox 307 2839 343 2898; x_wconf 83' lang='lat' dir='ltr'>ab</span> <span class='ocrx_word' id='word_1_265' title='bbox 377 2840 452 2900; x_wconf 84' lang='lat' dir='ltr'>Atto</span> <span class='ocrx_word' id='word_1_266' title='bbox 490 2842 621 2901; x_wconf 87' lang='lat' dir='ltr'>eiusdem</span> <span class='ocrx_word' id='word_1_267' title='bbox 657 2842 788 2918; x_wconf 87' lang='lat' dir='ltr'>regionis</span> <span class='ocrx_word' id='word_1_268' title='bbox 827 2836 980 2924; x_wconf 77' lang='lat' dir='ltr'>[Sabinae]</span> <span class='ocrx_word' id='word_1_269' title='bbox 1018 2863 1103 2921; x_wconf 89' lang='lat' dir='ltr'>prae-</span> 
     </span>
     <span class='ocr_line' id='line_1_33' title="bbox 86 2947 213 2988; baseline 0 -2"><span class='ocrx_word' id='word_1_270' title='bbox 86 2947 213 2988; x_wconf 88' lang='lat' dir='ltr'>nomme.</span> 
     </span>
    </p>
   </div>
   <div class='ocr_carea' id='block_1_10' title="bbox 157 3028 808 3098">
    <p class='ocr_par' dir='ltr' id='par_1_10' title="bbox 157 3028 808 3098">
     <span class='ocr_line' id='line_1_34' title="bbox 157 3028 808 3098; baseline 0.006 -17"><span class='ocrx_word' id='word_1_271' title='bbox 157 3029 178 3080; x_wconf 89' lang='lat' dir='ltr'><strong><em>I</em></strong></span> <span class='ocrx_word' id='word_1_272' title='bbox 180 3028 234 3082; x_wconf 74' lang='lat' dir='ltr'>bid.</span> <span class='ocrx_word' id='word_1_273' title='bbox 250 3033 268 3083; x_wconf 87' lang='grc'><strong><em>6</em></strong></span> <span class='ocrx_word' id='word_1_274' title='bbox 286 3040 373 3092; x_wconf 79' lang='lat' dir='ltr'>Appius</span> <span class='ocrx_word' id='word_1_275' title='bbox 386 3062 413 3069; x_wconf 93' lang='lat'>-</span> <span class='ocrx_word' id='word_1_276' title='bbox 426 3043 570 3092; x_wconf 83' lang='lat' dir='ltr'>praenomine</span> <span class='ocrx_word' id='word_1_277' title='bbox 594 3031 629 3096; x_wconf 77' lang='lat' dir='ltr'>cs.</span> <span class='ocrx_word' id='word_1_278' title='bbox 645 3031 682 3084; x_wconf 79' lang='lat' dir='ltr'>ad</span> <span class='ocrx_word' id='word_1_279' title='bbox 694 3033 730 3098; x_wconf 78' lang='lat' dir='ltr'>fr.</span> <span class='ocrx_word' id='word_1_280' title='bbox 746 3035 808 3087; x_wconf 81' lang='lat'><strong><em>323.</em></strong></span> 
     </span>
    </p>
   </div>
   <div class='ocr_carea' id='block_1_11' title="bbox 559 3183 624 3239">
    <p class='ocr_par' dir='ltr' id='par_1_11' title="bbox 559 3183 624 3239">
     <span class='ocr_line' id='line_1_35' title="bbox 559 3183 624 3239; baseline 0 0"><span class='ocrx_word' id='word_1_281' title='bbox 559 3183 624 3239; x_wconf 80' lang='lat'>326</span> 
     </span>
    </p>
   </div>
   <div class='ocr_carea' id='block_1_12' title="bbox 87 3280 1104 3435">
    <p class='ocr_par' dir='ltr' id='par_1_12' title="bbox 87 3280 1104 3435">
     <span class='ocr_line' id='line_1_36' title="bbox 154 3280 1104 3368; baseline 0.007 -24"><span class='ocrx_word' id='word_1_282' title='bbox 154 3285 226 3345; x_wconf 90' lang='lat' dir='ltr'>Auli</span> <span class='ocrx_word' id='word_1_283' title='bbox 246 3280 429 3366; x_wconf 79' lang='lat' dir='ltr'>[indicantur</span> <span class='ocrx_word' id='word_1_284' title='bbox 447 3282 539 3365; x_wconf 56' lang='lat' dir='ltr'>diere}</span> <span class='ocrx_word' id='word_1_285' title='bbox 564 3288 641 3363; x_wconf 87' lang='lat' dir='ltr'>quod</span> <span class='ocrx_word' id='word_1_286' title='bbox 660 3289 697 3347; x_wconf 90' lang='lat' dir='ltr'>iis</span> <span class='ocrx_word' id='word_1_287' title='bbox 723 3283 925 3368; x_wconf 76' lang='lat' dir='ltr'>[parentibus]</span> <span class='ocrx_word' id='word_1_288' title='bbox 947 3291 1104 3354; x_wconf 81' lang='lat' dir='ltr'>arentibus</span> 
     </span>
     <span class='ocr_line' id='line_1_37' title="bbox 87 3378 256 3435; baseline 0.006 -2"><span class='ocrx_word' id='word_1_289' title='bbox 87 3378 256 3435; x_wconf 88' lang='lat' dir='ltr'>nascuntur.</span> 
     </span>
    </p>
   </div>
   <div class='ocr_carea' id='block_1_13' title="bbox 142 3475 896 3652">
    <p class='ocr_par' dir='ltr' id='par_1_13' title="bbox 142 3475 896 3652">
     <span class='ocr_line' id='line_1_38' title="bbox 158 3475 767 3542; baseline 0.003 -14"><span class='ocrx_word' id='word_1_290' title='bbox 158 3475 180 3528; x_wconf 94' lang='lat' dir='ltr'><strong><em>I</em></strong></span> <span class='ocrx_word' id='word_1_291' title='bbox 180 3475 234 3528; x_wconf 72' lang='lat' dir='ltr'>oia.</span> <span class='ocrx_word' id='word_1_292' title='bbox 251 3480 268 3528; x_wconf 88' lang='lat'><strong><em>5</em></strong></span> <span class='ocrx_word' id='word_1_293' title='bbox 286 3487 341 3529; x_wconf 75' lang='lat' dir='ltr'>Auli</span> <span class='ocrx_word' id='word_1_294' title='bbox 354 3506 380 3513; x_wconf 97' lang='lat'><em>-</em></span> <span class='ocrx_word' id='word_1_295' title='bbox 393 3491 520 3529; x_wconf 72' lang='lat' dir='ltr'>mennas.</span> <span class='ocrx_word' id='word_1_296' title='bbox 548 3475 582 3540; x_wconf 78' lang='lat' dir='ltr'>cs.</span> <span class='ocrx_word' id='word_1_297' title='bbox 598 3476 635 3530; x_wconf 80' lang='lat' dir='ltr'>ad</span> <span class='ocrx_word' id='word_1_298' title='bbox 652 3475 689 3542; x_wconf 79' lang='lat' dir='ltr'>fr.</span> <span class='ocrx_word' id='word_1_299' title='bbox 705 3480 767 3530; x_wconf 83' lang='lat'><strong><em>323.</em></strong></span> 
     </span>
     <span class='ocr_line' id='line_1_39' title="bbox 142 3579 896 3652; baseline 0.004 -17"><span class='ocrx_word' id='word_1_300' title='bbox 142 3579 189 3635; x_wconf 80' lang='lat' dir='ltr'>dis</span> <span class='ocrx_word' id='word_1_301' title='bbox 206 3580 356 3639; x_wconf 77' lang='lat' dir='ltr'>alentibus</span> <span class='ocrx_word' id='word_1_302' title='bbox 375 3585 436 3643; x_wconf 83' lang='lat' dir='ltr'>eod.</span> <span class='ocrx_word' id='word_1_303' title='bbox 455 3589 527 3644; x_wconf 62' lang='lat' dir='ltr'>ena</span> <span class='ocrx_word' id='word_1_304' title='bbox 547 3584 639 3640; x_wconf 75' lang='lat' dir='ltr'>Heln</span> <span class='ocrx_word' id='word_1_305' title='bbox 645 3603 653 3652; x_wconf 82' lang='lat'><em>3</em></span> <span class='ocrx_word' id='word_1_306' title='bbox 672 3583 719 3638; x_wconf 77' lang='lat' dir='ltr'>sed</span> <span class='ocrx_word' id='word_1_307' title='bbox 738 3583 775 3650; x_wconf 81' lang='lat' dir='ltr'>ef.</span> <span class='ocrx_word' id='word_1_308' title='bbox 792 3583 832 3650; x_wconf 70' lang='lat' dir='ltr'>fr..</span> <span class='ocrx_word' id='word_1_309' title='bbox 844 3586 896 3641; x_wconf 68' lang='grc'>346</span> 
     </span>
    </p>
   </div>
   <div class='ocr_carea' id='block_1_14' title="bbox 0 0 1221 3840">
    <p class='ocr_par' dir='ltr' id='par_1_14' title="bbox 0 0 1221 3840">
     <span class='ocr_line' id='line_1_40' title="bbox 0 0 1221 3840; baseline 0 0"><span class='ocrx_word' id='word_1_310' title='bbox 0 0 1221 3840; x_wconf 95' lang='lat' dir='ltr'> </span> 
     </span>
    </p>
   </div>
  </div>
 </body>
</html>
