2422 3840
120 181 183 247 198
266 181 473 238 Grammatioae
491 183 594 238 aetatis
613 183 806 238 Varronianus
824 183 984 253 fragmenta

188 343 261 399 Sere.
280 345 350 399 Aen.
371 348 397 410 5,
410 347 466 398 409
486 343 600 398 ‘senior'
620 359 742 398 nemean
755 375 782 384 -
795 357 974 399 inminutionem.
1006 344 1072 399 hinc
1091 348 1135 400 θεὴ

118 416 157 485 [6,
171 415 237 486 304]
258 414 327 469 ‘iam
345 415 445 481 senior,
465 415 514 469 sod
533 414 619 468 cruda
638 415 690 469 deo
708 415 862 484 viridisque
880 417 1035 482 senectus'3
1054 417 1135 471 addi·

117 489 178 540 tum
204 487 279 540 enim
301 486 354 540 hoc
378 488 421 540 est
447 485 484 539 ad
512 486 737 556 exprimendum,
768 486 837 553 quid
865 487 902 540 sit
930 487 1035 553 senior3
1066 488 1135 541 item

116 557 234 612 'Ovidius
253 557 323 628 [met.
340 560 383 622 12,
398 558 464 629 464]
484 557 570 610 ‘inter
588 557 771 625 iuvenemque
790 559 962 625 senemque’.
982 560 1011 612 et
1024 575 1054 612 re
1068 575 1135 612 vera

116 646 173 684 non
192 629 324 682 convenit
340 628 416 682 hunc
434 629 504 683 satis
523 644 618 683 senem
637 629 735 697 accipi,
755 629 804 697 qui
823 630 851 683 ot
869 628 979 684 vincere
997 631 1135 698 potestat

117 718 172 755 uno
191 700 251 753 ictu
269 703 382 754 taurum
399 715 508 754 necare.
530 716 596 770 ergo
616 700 709 754 senior
726 717 782 754 non
802 700 871 754 satis
889 717 982 766 senex,
1002 700 1075 756 sicut
1092 701 1134 755 iu·

117 772 179 825 nior
204 788 261 826 non
286 771 355 825 satis
383 770 502 839 iuvenis,
530 772 606 825 intra
628 771 765 838 iuvenem,
791 772 864 825 sicut
886 771 1038 840 pauperior
1059 773 1136 826 intra

117 859 277 912 pauperem.
302 842 390 897 dicit
413 845 527 896 autern
549 843 612 896 hoc
631 842 737 897 Varro
760 843 795 896 in
816 842 919 896 libris
939 843 980 896 ad
1000 841 1136 898 Cicero-

117 931 198 968 nem.
222 914 260 968 id.
280 916 350 969 Aen.
370 919 396 981 6,
411 918 465 968 304
489 914 558 968 ‘iam
577 913 679 967 senior’
705 916 755 966 aut
772 931 824 982 pro
842 913 963 982 positivo
981 913 1086 982 posuit,
1105 915 1136 969 id

118 987 160 1053 est
179 1001 277 1055 senex,
301 988 363 1052 aut,
386 987 419 1038 ut
438 985 573 1053 diximus,
592 985 685 1039 senior
703 987 746 1038 est
765 985 855 1039 virens
874 1001 972 1052 senex,
994 989 1024 1039 ut
1042 985 1136 1041 iunior

118 1057 194 1110 intra
212 1058 342 1111 iuvenem
360 1058 415 1110 est:
443 1073 541 1123 quam
562 1073 632 1111 rem
656 1073 673 1110 a
692 1055 844 1110 Varrone
862 1059 1051 1111 tractatam
1071 1074 1134 1111 con-

116 1128 210 1182 firmat
229 1130 258 1183 et
271 1127 379 1181 Plinius
400 1127 487 1198 [scrin.
503 1129 566 1182 dnb.
578 1145 608 1196 p.
624 1131 667 1195 41,
683 1128 781 1199 12B.].
801 1129 836 1194 ef.
851 1128 919 1183 Isid.
935 1145 974 1183 or.
990 1133 1032 1193 11,
1048 1132 1076 1195 2,
1089 1132 1134 1183 25.

117 1200 177 1266 diff.
205 1201 276 1254 verb.
296 1203 357 1253 531.
401 1201 476 1254 Don.
510 1200 567 1253 Ter.
596 1216 657 1253 enn.
684 1199 754 1268 prol.
778 1199 817 1253 4³.
859 1200 912 1255 tec.
938 1201 1010 1268 proi.
1039 1202 1087 1254 alt.
1109 1204 1135 1254 3.

113 1271 218 1340 ptam.
237 1274 265 1336 2,
280 1274 364 1337 3,15.
389 1271 476 1325 Prisc.
492 1288 521 1338 p.
537 1275 581 1336 90,
596 1275 621 1324 r.
641 1274 685 1336 92,
701 1275 726 1324 e.

188 1342 313 1396 iuvenior
327 1344 356 1396 et
370 1341 463 1395 senior
476 1342 610 1396 Lalnent.
626 1342 737 1406 Hanni,
754 1342 827 1409 qnod
838 1343 968 1410 probant
980 1342 1136 1397 Wilntnnns

553 1495 597 1551 29
621 1485 692 1570 [40]

184 1599 224 1656 de
247 1599 442 1659 fenestella
466 1598 676 1674 quiritatur.

188 1698 280 1753 Dioni.
296 1715 326 1766 p.
346 1702 410 1763 381,
424 1701 459 1750 21
484 1697 575 1750 solent
598 1697 628 1750 in
652 1697 742 1751 verbis
762 1698 848 1751 etiam
866 1697 1014 1765 peritiores
1034 1713 1135 1765 errare,

116 1769 218 1822 incerti
241 1771 336 1822 utrum
359 1786 422 1822 cum
445 1786 459 1820 r
482 1784 518 1821 an
542 1768 602 1822 sine
625 1786 639 1820 r·
663 1768 785 1822 debeant
802 1768 929 1836 proferri.
958 1768 1071 1837 quisito,
1091 1769 1136 1823 Li-

116 1839 177 1893 vius
191 1838 222 1893 in
237 1840 324 1894 attico
339 1839 443 1910 [activo
457 1840 514 1894 cod.
530 1840 654 1907 Soioppii
667 1847 693 1894 et
706 1840 854 1894 Pntselrins
868 1842 967 1894 octnvo
988 1840 1137 1896 OMneller

116 1912 154 1966 ad
183 1912 261 1966 Van.
290 1912 322 1966 de
349 1913 367 1965 l.
396 1913 430 1965 L.
455 1929 485 1979 p.
504 1911 574 1994 268]
597 1910 692 1978 quirit.
730 1910 818 1965 Varro
843 1910 1078 1966 ad'Oiosronem:
1107 1927 1135 1967 ce

116 1997 194 2037 feners
213 1997 269 2045 quir.
306 1984 349 2036 θεὴ
375 1984 470 2035 autem
496 1981 631 2050 quirrtare
658 1980 780 2046 Quirites
811 1982 891 2036 ciere.
933 1989 1025 2037 ntnnnr
1053 1985 1136 2038 verba

118 2056 255 2108 ,Varronis
282 2055 433 2108 exciderint
459 2059 485 2108 et
511 2053 665 2108 Fenestella
693 2054 880 2123 apnoscendns
907 2055 943 2118 nt
972 2055 1018 2123 (cs.
1040 2055 1135 2109 Diam.

117 2142 146 2193 p.
162 2129 227 2190 365,
241 2127 277 2191 7),
304 2143 344 2179 an
373 2125 417 2178 ‘de
443 2125 582 2191 fenestella
601 2125 636 2193 q!
661 2126 697 2179 sit
719 2125 891 2179 scribendum
914 2126 966 2192 (iia
990 2126 1135 2192 Metellin,

117 2196 332 2262 Philol.3,151.
367 2196 463 2262 Poetis,
489 2196 522 2250 lle
546 2196 652 2250 Fenest.
676 2196 740 2250 diss.
765 2197 857 2250 Bonn.
878 2200 1000 2264 184910.
1020 2201 1046 2262 6,
1069 2214 1136 2265 qnos

121 2268 277 2322 Wilmnnns
299 2269 436 2335 aequitum
461 2269 495 2333 cf.
512 2269 592 2322 Peter
605 2266 712 2322 FHR’
730 2283 756 2334 p.
772 2267 883 2322 CXIII
897 2267 962 2321 adn.
977 2271 1014 2335 4),
1033 2274 1134 2322 certum

115 2355 172 2392 non
186 2345 230 2392 est.
246 2340 278 2393 de
291 2356 313 2392 v.
326 2339 481 2407 ‘annitere'
493 2339 528 2405 cs.
539 2338 628 2393 Varro
638 2338 670 2392 de
679 2340 697 2393 l.
708 2337 742 2392 L.
754 2342 779 2402 6,
791 2343 828 2392 68
842 2337 979 2407 quiritare
993 2339 1097 2392 dicitur
1111 2340 1135 2392 is

116 2409 165 2478 qui
174 2409 315 2474 Quiritum
324 2410 408 2463 fidem
418 2409 543 2464 olamans
552 2408 684 2477 inploret.
699 2411 734 2477 cf.
742 2410 840 2479 Nipicl.
851 2411 887 2475 fr.
896 2414 938 2464 33.
954 2411 1133 2477 Non.21,18.

553 2562 596 2618 30
635 2561 677 2618 38

117 2687 119 2691 ¹
183 2667 287 2725 datum
314 2667 361 2724 illi
390 2660 505 2745 [capiti]
539 2666 594 2725 hoc
620 2553 728 2725 ironden
752 2670 809 2741 est,
837 2670 872 2725 ut
895 2667 1017 2742 quidem
1035 2665 1133 2726 Varro

116 2755 154 2814 ad
179 2754 348 2814 Ciceronem
376 2755 488 2829 scribit,
521 2756 599 2830 quod
627 2755 697 2813 hinc
725 2758 847 2832 capiant
878 2755 999 2813 initium
1031 2774 1134 2816 sensus

116 2863 151 2905 ac
174 2864 266 2904 nervr.

117 2972 119 2975 ·
187 2944 266 2997 Loci.
286 2945 318 2997 de
337 2944 403 3011 opis.
428 2944 454 2996 d.
474 2947 533 3009 5,6
555 2943 585 2995 in
609 2960 716 2997 summo
739 2959 803 2996 vcro
827 2943 1042 2997 constructionis
1066 2943 1134 3009 eius,

116 3029 201 3081 quam
220 3014 340 3068 similem
358 3014 453 3067 navali
472 3014 583 3068 carinae
603 3014 724 3066 diximus
743 3014 794 3085 [4],
814 3016 899 3082 caput
919 3013 1084 3081 conlocavit,
1104 3014 1134 3068 in

116 3103 171 3152 quc
186 3087 259 3139 esset
272 3086 399 3155 regimen
413 3085 501 3139 totius
513 3086 673 3152 animantis,
688 3100 819 3152 natumque
833 3099 868 3138 iru
882 3118 908 3125 —
922 3100 991 3139 nervi.
1011 3086 1134 3139 Lactan-

115 3157 184 3227 tinm
203 3159 333 3224 excripsit
351 3158 476 3212 Isidorus
494 3161 691 3223 or.11,1,25.
720 3157 778 3222 diff
798 3174 849 3210 rer.
866 3161 908 3210 50.
937 3159 970 3224 cf.
987 3156 1135 3223 SBrandt,

122 3228 207 3282 Wien.
224 3229 301 3283 Stnd.
323 3232 357 3281 13
377 3230 469 3297 (1891)
483 3247 510 3297 p.
526 3232 588 3282 260.

553 3381 594 3436 31
636 3381 677 3436 39

181 3505 242 3542 non
260 3486 337 3544 nulli
353 3485 474 3561 proprie
498 3371 634 3543 calamod
652 3372 823 3559 lu]pinorum
847 3485 910 3542 elas
934 3485 993 3543 dici
1015 3488 1135 3560 putant,

92 3574 132 3622 ut
150 3570 264 3629 Aelius
287 3568 344 3652 [fr.
373 3570 413 3657 5]
444 3570 522 3637 ‘else
552 3595 587 3636 ex
616 3575 733 3654 lupino,
760 3569 897 3653 s<urouli
920 3565 985 3632 sino
1009 3569 1137 3648 tolliis',
