2422 3840
111 192 176 256 346
259 191 466 248 Grammatieae
485 193 586 248 aetatis
604 191 796 248 varronianae
815 191 976 260 fragmenta

110 353 143 408 de
161 355 178 408 t.
198 355 232 409 L.
250 357 275 420 7,
289 358 328 409 22
351 352 495 423 Aegaeum
519 353 627 407 dietum
650 354 686 407 ab
710 352 823 420 insulis,
849 353 925 421 quod
947 351 978 406 in
1001 369 1034 408 eo
1058 353 1132 408 mari

110 425 220 494 seopuli
244 425 275 479 in
299 424 401 495 pelago
427 428 562 480 vocantur
587 425 622 478 ab
649 424 834 479 similitudine
860 441 1007 493 caprarum
1029 424 1131 495 Aegeo.

110 497 145 563 cf.
165 498 240 553 Plio.
260 515 287 551 n.
307 498 332 551 t.
347 502 376 564 4,
388 501 430 551 51.
464 498 550 553 Solio.
571 502 653 564 11,1.
688 498 775 552 Mart.
796 497 863 566 Gap.
883 502 909 563 6,
925 500 989 550 658.

586 650 655 706 378

178 792 285 832 novem
308 773 432 848 insideo,
456 793 533 849 quae
557 775 626 832 sunt
648 776 717 849 post
740 773 850 831 fretum
874 772 1002 848 Siciliae,
1027 775 1127 850 appel·

110 863 213 921 lantur
232 862 355 922 Aeoliae
374 863 411 921 ab
431 864 524 922 Aeolo
545 882 614 940 rege
635 863 786 938 Hippotae
808 862 880 935 filio,
904 863 976 921 lieet
998 863 1129 922 habeant

111 953 142 1010 et
159 953 282 1028 propria
304 954 434 1011 nomina.
454 983 499 992 -
517 954 623 1028 poetae
647 951 767 1027 quidem
788 951 906 1028 fingunt
926 952 1006 1010 huno
1028 972 1129 1030 regem

112 1058 175 1100 esse
193 1043 361 1115 ventorum,
385 1041 444 1115 sed,
467 1043 502 1099 ut
520 1042 617 1099 Varro
636 1040 719 1115 dioit,
741 1060 793 1098 rex
812 1041 872 1098 fuit
894 1041 1070 1115 insularum,
1093 1061 1128 1100 ex

84 1144 238 1206 aquarum
272 1130 389 1189 nebulis
423 1133 453 1189 et
486 1131 569 1188 fumo
601 1130 766 1188 Vulcaniae
803 1129 918 1189 insulae
954 1131 1127 1206 praedicens

111 1221 214 1278 futura
250 1219 344 1278 flabra
381 1221 538 1278 ventorum
574 1219 710 1296 inperitis
745 1219 826 1279 visus
859 1221 903 1278 est
935 1222 1041 1279 ventos
1074 1240 1127 1279 sua

110 1311 258 1383 potestate
282 1310 418 1368 retinere.

181 1415 254 1472 Serv.
279 1417 347 1471 Aen.
368 1421 395 1483 1,
417 1420 454 1471 52
476 1442 556 1470 novem
576 1447 609 1456 -
627 1429 729 1480 nomlna;
756 1414 831 1469 unde
859 1417 888 1469 eli
915 1414 1058 1486 Vergilius
1087 1416 1127 1469 alb

111 1487 172 1558 [Ae.
187 1491 215 1553 8,
229 1488 295 1559 416]
322 1487 461 1542 ‘Aeoliam
480 1489 630 1556 Liparem'.
667 1504 747 1550 poem
761 1501 903 1542 -rennora
943 1488 978 1554 ef.
998 1488 1067 1542 laid.
1087 1505 1124 1542 or.

110 1563 154 1626 14,
169 1564 194 1626 6,
209 1563 254 1613 36.
282 1560 411 1631 nrytbopr.
426 1563 454 1626 2,
469 1563 513 1614 52.
533 1564 558 1627 3,
572 1564 598 1626 4,
613 1564 656 1614 10.

182 1690 197 1737 6
220 1683 360 1753 imperitis
383 1685 547 1754 mythopr.2
570 1684 605 1738 ab
628 1684 690 1753 inp·
709 1686 749 1738 oet
773 1683 808 1737 ab
827 1683 898 1752 imp·
917 1684 994 1738 codd.
1014 1690 1039 1738 et
1057 1684 1124 1738 Isid.

111 1756 145 1809 ab
166 1755 236 1824 imp·
256 1755 378 1809 creditus
398 1757 441 1809 est
458 1757 623 1827 mptboyrd

583 1944 653 2000 379

177 2086 247 2126 sane
276 2087 376 2126 omnes
404 2067 577 2126 altitudines
605 2068 753 2125 montium
779 2067 850 2124 lieet
874 2085 891 2123 a
915 2065 1009 2124 Gallis
1033 2066 1125 2142 Alpes

110 2159 261 2229 vooentur,
290 2157 409 2232 proprie
436 2159 537 2214 tamen
567 2157 638 2233 iuga
665 2157 813 2214 montium
837 2154 1018 2214 Gallicorum
1047 2159 1124 2214 sunt.

111 2266 184 2322 quas
213 2246 343 2322 quinque
367 2247 424 2305 viis
447 2245 543 2304 Varro
572 2244 644 2304 dicit
671 2245 794 2304 transiri
821 2263 921 2320 posse:
951 2264 1019 2318 una,
1049 2265 1125 2320 quae

110 2339 155 2394 est
172 2337 259 2394 iuxta
277 2354 359 2393 mare
377 2354 431 2410 per
448 2334 587 2412 Ligures3
611 2334 715 2408 altera,
739 2354 797 2409 qua
816 2333 968 2392 Hannibal
989 2336 1124 2404 transiit;

83 2425 212 2500 startia,
251 2443 311 2500 qua
341 2424 498 2500 Pompeius
531 2424 569 2481 ad
600 2423 799 2500 Hispaniense
831 2423 942 2481 bellum
974 2425 1124 2498 profectus

111 2516 168 2588 est3
200 2517 321 2590 quarta,
351 2533 410 2588 qua
438 2512 607 2573 Hasdrubal
636 2513 671 2571 de
697 2511 796 2571 Gallia
823 2514 855 2570 in
877 2511 999 2571 Italiam
1029 2516 1124 2587 venit3

110 2604 224 2678 quinta,
248 2622 325 2678 quae
344 2602 494 2678 quondam
513 2621 531 2661 a
550 2601 670 2661 Graecis
692 2620 828 2677 possessa
847 2603 900 2674 est,
924 2620 1000 2677 quae
1020 2602 1124 2661 exinde

109 2692 200 2767 Alpes
225 2690 332 2750 Graiae
356 2692 556 2767 appellantur.

180 2799 252 2856 Sero.
275 2801 352 2854 Dan.
372 2802 440 2855 Aen.
462 2803 677 2865 10,13am0-
694 2813 840 2861 apponantur.
868 2799 902 2864 cf.
929 2799 996 2853 Isid.
1022 2816 1061 2853 or.
1082 2804 1124 2866 14,

109 2875 195 2937 8,18.
233 2873 315 2927 Paul.
336 2871 409 2926 Fest.
425 2889 454 2940 p.
470 2876 496 2938 4,
511 2876 535 2926 5.

580 3032 646 3089 380

176 3157 326 3215 amineum
349 3157 451 3216 vinum
475 3159 561 3232 quasi
584 3157 647 3215 sine
671 3156 763 3214 minio
794 3155 906 3213 dietum
929 3156 960 3213 id
988 3157 1034 3214 est
1061 3154 1124 3215 sine

108 3246 229 3319 rubore,
265 3265 336 3304 nam
372 3246 473 3304 album
506 3249 559 3304 est.
606 3246 654 3305 vel
686 3246 826 3303 Amineos
859 3245 1000 3322 Pelasgos
1031 3246 1123 3304 fuisse

109 3336 203 3393 Varro
228 3336 278 3394 ait.
323 3335 393 3393 hino
417 3334 454 3393 ab
479 3354 550 3412 agro
574 3335 700 3393 Amineo
723 3335 800 3392 hano
823 3336 915 3393 vitem
945 3335 1124 3393 translatam

108 3423 218 3483 dieunt.

167 3531 257 3588 Schol.
282 3533 371 3589 Bern.
396 3551 420 3611 q.
440 3535 469 3605 2,
489 3536 524 3593 97
552 3546 665 3592 amineum
683 3562 716 3571 -
736 3545 819 3590 dieunt.
858 3531 894 3600 cf·
923 3531 1003 3591 ΒΜ).
1032 3547 1122 3606 expos.

87 3601 167 3679 Very.
189 3606 259 3664 etad
