2422 3840
434 177 462 231 C.
480 176 568 230 lulius
586 177 715 247 Hyginus
1019 174 1085 238 533

70 339 183 392 Jahrbb.
202 339 291 406 suppl.
307 341 333 390 8.
353 341 427 390 1876
442 355 471 404 p.
487 339 553 404 482)
571 338 636 391 hacc
652 338 838 405 superioribus
852 337 956 390 similia
973 337 1088 403 fidenter

71 410 149 463 libris
167 409 210 462 Dc
231 409 348 478 Vespilic
367 409 517 478 adsiyuani
539 410 583 476 (cf.
608 409 701 462 Buute
720 427 749 478 p.
769 411 815 461 28.
850 408 968 462 Ribbeck
988 425 1017 476 p.
1035 412 1088 461 118

71 480 245 549 Seruiumque
263 486 400 534 auctuum
421 481 453 532 ic
470 482 506 547 fr.
522 482 575 547 11).

144 575 157 621 1
179 569 268 621 circus
289 567 377 623 Ourol.
392 569 470 636 Leps.
490 584 534 621 -ce
549 567 631 637 Scep.
652 567 705 621 -cis
720 569 817 637 Repiu.
835 568 936 621 Hamb.
956 567 1037 620 circis
1057 584 1089 622 es

72 640 157 693 circes
177 640 299 694 Florius.
391 645 407 692 4
425 639 505 708 ygini

140 848 244 911 ‘velati
272 848 346 911 lino'
371 885 427 910 -.
477 850 571 928 Caper
595 854 625 909 θῖ
646 849 785 927 Hyginus
814 851 869 909 hoc
896 852 961 909 loco
985 852 1089 911 dicunt

72 941 228 1000 lectionem
258 959 320 1000 esse
351 944 538 1016 corruptum,
567 958 638 998 nam
665 940 831 1016 Vergilium
861 941 905 997 ite
932 941 1089 1015 reliquisse

72 1029 247 1089 confirmant
271 1027 375 1089 ‘velati
398 1023 496 1088 limo'.
538 1029 627 1086 limus
652 1031 751 1086 eutem
775 1031 820 1086 θεῖ
842 1031 943 1103 vestiS,
968 1048 1028 1104 qua
1052 1030 1089 1088 ub

71 1120 211 1179 umbilico
226 1138 320 1195 usque
339 1120 377 1178 ad
396 1119 484 1194 pedes
504 1136 595 1194 prope
614 1120 757 1194 teguntur
775 1117 915 1193 pudenda
932 1137 1088 1194 poparum.

71 1210 144 1266 haec
159 1212 258 1267 autem
273 1211 364 1266 vestis
384 1208 474 1266 hebet
492 1208 524 1264 in
539 1209 669 1265 extremo
689 1209 735 1265 sui
753 1226 917 1282 purpuram
935 1207 1040 1265 limem
1058 1208 1116 1265 idn

71 1300 116 1356 est
138 1298 311 1371 flexuosam,
340 1297 417 1354 unde
442 1299 471 1354 θῖ
494 1315 601 1354 nomen
629 1296 756 1371 accepit,
786 1314 858 1354 nem
885 1296 991 1354 limum
1015 1296 1088 1354 obli-

72 1406 163 1460 quum
187 1386 320 1458 dicimus,
344 1387 421 1443 unde
442 1388 471 1443 et
490 1386 644 1444 Terentius
670 1378 746 1462 [cccc.
765 1379 842 1463 601]
868 1379 958 1442 ‘limis
983 1380 1088 1445 oculis'

72 1476 153 1547 dicit,
177 1475 208 1531 id
232 1477 276 1532 est
300 1475 439 1548 obliquis,

144 1563 216 1617 Sero.
233 1565 301 1617 Aee.
318 1567 431 1629 12,120
452 1563 532 1616 ‘voras
544 1565 611 1617 nno'.
631 1563 712 1632 utqui
730 1563 843 1617 fetiales
858 1565 887 1617 et
900 1566 981 1631 puter
994 1566 1090 1632 petru-

72 1638 126 1699 tus‚
145 1652 195 1701 per
213 1651 282 1701 quos
301 1633 377 1688 bellu
395 1634 439 1687 vel
457 1633 572 1688 foedere
590 1634 834 1700 confirmabuntur,
853 1651 1007 1702 numquam
1029 1638 1090 1688 ute·

72 1706 175 1758 buntur
198 1705 322 1758 vestibus
346 1705 437 1758 lincis.
465 1736 496 1743 —
521 1719 592 1768 sapor
609 1708 705 1759 tomen
724 1723 746 1760 et
763 1720 869 1769 Hyginus
882 1738 909 1745 -
922 1721 1026 1769 obliquis.
1054 1709 1088 1773 cf.

72 1778 146 1831 Deo.
170 1779 227 1831 Ter.
247 1795 308 1832 eun.
329 1782 354 1844 3,
366 1775 493 1844 5,53²·³.
521 1777 589 1831 Isid.
608 1781 795 1843 or.15,14,2.
816 1781 929 1844 16,1,2.
955 1781 999 1844 19,
1009 1782 1054 1843 33,
1064 1782 1088 1832 1.

74 1849 140 1902 Tiro
158 1851 193 1916 fr.
210 1854 251 1903 14.
280 1852 335 1903 ista
354 1867 387 1902 ex
402 1850 480 1904 libris
497 1851 584 1903 selum
598 1849 642 1902 Dc
657 1849 775 1918 Vespilic
790 1850 943 1902 mauuoisse
957 1854 1091 1919 possunt,-

72 1922 106 1987 cf.
125 1923 160 1986 fr.
181 1927 205 1974 4.

458 2017 507 2070 EX
525 2015 705 2070 EXEMPLIS

410 2136 452 2192 12
476 2126 590 2211 [uns
615 2136 632 2189 1
652 2124 749 2209 Peter]

140 2240 177 2297 ud
211 2258 260 2297 eas
297 2239 399 2298 laudes
438 2232 585 2317 [Mausoli
616 2232 705 2316 repis]
745 2237 937 2296 decertandas
973 2241 1089 2296 venisse

72 2327 211 2385 dicuntur
243 2328 301 2387 viri
332 2329 447 2386 nobiles
484 2329 603 2405 ingenio
637 2329 727 2400 atque
762 2327 869 2402 lingua
905 2327 1090 2402 praestabili,

73 2417 280 2492 Theopompus
308 2417 488 2475 Theodectes
517 2417 694 2487 Naucrates,
726 2418 796 2473 sunt
826 2417 917 2472 etism
948 2418 1000 2490 qui
1027 2415 1088 2473 Iso-

73 2509 184 2562 cratem
211 2507 309 2581 ipsum
334 2524 400 2564 cum
424 2507 470 2564 his
495 2506 653 2563 certavisse
680 2506 840 2562 memoriae
868 2503 1089 2579 mundaverint,

73 2593 124 2651 sed
148 2612 181 2651 eo
205 2595 365 2652 certamine
393 2596 498 2653 vicisse
522 2594 746 2669 Theopompum
775 2594 942 2651 iudicatum
965 2595 1016 2652 θεῖ.
1064 2593 1116 2652 iss

73 2683 132 2739 fuit
160 2682 301 2741 Isocratis
334 2683 504 2759 discipulus
558 2684 640 2741 extat
671 2701 750 2740 nunc
782 2700 899 2757 quoque
929 2682 1090 2741 Theodecti

72 2772 240 2847 tragoedia,
269 2790 344 2846 quae
371 2772 543 2831 inscribitur
565 2770 732 2844 Mausolus,
762 2770 794 2828 in
818 2789 969 2845 quaeum
993 2774 1088 2848 magis

73 2858 161 2935 quem
185 2863 217 2918 in
240 2879 328 2935 prosa
351 2861 497 2936 placuisse
520 2860 659 2937 Hyginus
682 2861 713 2916 in
738 2859 881 2935 exemplis
903 2861 1003 2918 refert.

146 2951 214 3003 Geli.
231 2955 273 3015 10,
289 2954 334 3016 18,
354 2955 372 3004 6
391 2965 419 3003 ed
435 2976 471 3004 ese
484 2965 563 3004 leudes
576 2982 603 2989 —
615 2964 688 3003 refert.

145 3045 160 3091 3
184 3038 324 3092 nnucrites
402 3042 538 3092 socratem
558 3041 636 3107 (sacr.
659 3039 731 3092 Voss.
752 3039 816 3092 Lat.
837 3039 910 3106 Fr)
930 3038 1021 3092 codd:
1040 3055 1087 3092 eur.

73 3112 212 3181 anliab.
232 3129 266 3164 m.
286 3113 305 3163 2
378 3117 394 3164 6
414 3110 530 3164 socratis
550 3111 641 3164 Paris.

287 3251 335 3304 EX
354 3251 497 3306 URBIUM
514 3250 740 3305 ITALICARUM
759 3249 875 3305 LIBRIS

522 3370 564 3426 13
588 3361 637 3446 [s]
736 3424 741 3432 .

140 3475 187 3532 lib.
208 3474 253 3531 II.
297 3475 348 3549 qui
367 3467 549 3555 [Vcrpilc'us]
568 3492 639 3534 cum
651 3471 974 3552 legissetllemircns,
988 3476 1131 3530 niumm

69 3566 115 3618 0⁸i
129 3564 277 3638 Anagnia,
302 3583 321 3622 a
339 3563 479 3646 Pelasgis
503 3566 656 3627 oriundos
681 3562 937 3640 appellutosuue
955 3551 1015 3601 'xus
1033 3559 1057 3592 n
1075 3548 1156 3599 upu-
1177 3572 1191 3661 ,
