2422 3840
132 153 176 218 72
315 153 521 208 Grammaticue
541 154 791 208 unteverroniunee
809 153 969 223 frmgmentu

587 323 628 382 58
669 325 689 381 3

200 433 270 489 sunt
300 432 352 505 qui
380 429 487 489 honori
517 449 623 489 nemen
653 317 829 508 iiiiplandis]
860 431 1098 504 interpretemur
1126 432 1158 490 et

131 518 212 578 Iovis
234 518 375 596 glandem
400 537 463 578 esse
486 518 596 578 dieunt.

205 609 284 663 Ptin.
300 626 327 662 ii.
342 610 367 662 h.
384 613 427 676 15,
442 613 478 663 91
501 626 600 663 sunt-
616 623 698 663 dieunt.
728 610 763 674 ef.
786 609 854 663 Gau.
868 609 950 663 Base.
965 609 1002 674 fr.
1014 612 1039 663 5.
1075 609 1157 664 Aelio

134 681 232 734 tribuit
251 682 355 747 Mente,
374 697 412 734 ae
430 687 499 735 reete
517 681 595 734 valde
614 681 717 735 dubito.

578 813 626 871 59
667 816 686 870 4

201 919 285 979 lucus
309 920 381 995 quie
403 891 509 978 umbra
533 938 643 997 opacus
651 806 773 995 [pirum
796 920 896 978 lueeut
918 920 948 977 et
970 917 1060 980 ludus
1084 920 1155 995 quia

134 1011 175 1068 sit
196 1009 370 1085 longissime
394 1009 501 1068 elusu
524 1011 555 1067 et
577 1009 657 1067 Ditis
682 1008 754 1085 quie
776 1009 898 1067 minime
922 1008 1013 1068 dives.

210 1098 304 1168 Quint.
321 1104 345 1160 1,
361 1103 387 1164 6,
402 1102 437 1153 34
458 1098 545 1152 etiam
564 1115 599 1151 ne
615 1116 631 1151 a
646 1097 793 1152 contrariis
813 1097 909 1166 alique
927 1097 1051 1151 sinemus
1069 1097 1154 1163 trahi,

133 1172 165 1223 ut
183 1185 247 1224 lucus
260 1201 295 1210 -
310 1184 385 1224 uim?
416 1171 500 1224 Paul.
515 1170 590 1224 Feet.
600 1187 631 1238 p.
647 1173 710 1236 122,
725 1174 760 1225 15
782 1169 903 1223 militem
916 1169 1015 1223 Aelius
1030 1168 1078 1240 [fr.
1095 1168 1154 1240 15];

134 1242 173 1296 sic
197 1241 295 1294 ludum
319 1240 452 1307 dicimus,
475 1241 506 1293 in
529 1258 584 1309 quo
607 1240 722 1294 minime
746 1241 861 1294 luditur.
903 1240 938 1307 ef.
962 1241 1046 1294 etium
1066 1242 1154 1296 Varro

134 1314 167 1368 de
186 1314 203 1367 l.
220 1314 253 1367 L.
274 1315 300 1378 5,
316 1315 353 1366 92
373 1319 399 1366 et
418 1311 511 1381 Quint.
532 1313 570 1366 ad
587 1314 623 1380 fr.
640 1315 683 1367 52.
722 1314 801 1367 Aelio
820 1313 919 1368 tribuit
936 1313 1046 1367 Lersclt.

557 1448 597 1504 60
629 1439 733 1526 [deest]

202 1553 331 1612 Matrem
349 1554 497 1612 Matutam
521 1553 639 1627 antiqui
663 1551 700 1611 ob
722 1551 887 1612 bonitatem
912 1551 1108 1628 appellabunt
1127 1552 1156 1610 et

135 1646 287 1702 maturum
309 1641 449 1701 idoneum
472 1643 541 1700 usui
564 1645 595 1700 et
616 1661 703 1700 mane
726 1642 907 1717 principium
931 1640 991 1700 diei
1013 1643 1044 1700 et
1067 1639 1156 1700 inferi

137 1733 181 1792 dii
212 1750 328 1806 manee,
360 1734 397 1790 ut
428 1732 603 1807 suppliciter
635 1731 781 1806 appellati
811 1730 888 1789 bono
922 1731 1029 1804 essent,
1062 1732 1094 1788 et
1125 1731 1157 1787 iu

137 1824 267 1881 carmine
304 1821 408 1880 saliari
450 1813 502 1902 [fr.
522 1823 564 1879 12
599 1814 660 1900 M]
703 1838 786 1878 cerus
822 1837 927 1879 manus
969 1818 1159 1897 intellegitur

51 1985 52 1988 Ἴ
137 1913 254 1970 creator
276 1910 379 1970 bonne.

206 2001 552 2068 Pael.Fest.p.122,4
575 2015 671 2053 Matrem
690 2030 722 2038 -
741 2014 820 2053 bonus.
856 1999 890 2064 cf.
905 1998 941 2065 fr.
958 2004 981 2053 1.
1017 1998 1108 2054 Varro
1128 1997 1160 2053 de

134 2074 151 2126 l.
173 2072 206 2125 L.
228 2075 294 2137 6,4
323 2071 380 2123 diei
406 2071 578 2139 principium
605 2086 700 2132 mene,
729 2070 804 2137 quod
831 2071 892 2122 tum
915 2070 1013 2123 menet
1036 2068 1099 2124 dies
1124 2069 1160 2123 ab

135 2143 251 2207 oriente,
270 2141 326 2195 nisi
344 2142 439 2210 potius
459 2143 534 2209 quod
548 2143 652 2196 bonum
667 2141 777 2208 antiqui
792 2140 925 2195 dicebant
938 2158 1061 2193 menum.
1095 2141 1160 2196 Ver·

134 2215 208 2268 rium
222 2221 247 2268 et
266 2214 415 2268 Varronem
429 2213 519 2268 eodem
533 2221 643 2268 auctore
656 2215 735 2267 Aelio
749 2229 813 2267 esee
826 2229 880 2267 esse
889 2218 974 2281 patet.
1004 2212 1037 2266 de
1048 2212 1160 2268 ‘Cerne’

135 2285 170 2352 ef.
185 2285 342 2352 Buecheler,
367 2284 495 2338 Umbrica
508 2303 539 2354 p.
556 2290 599 2339 99.
633 2285 713 2339 Aelio
731 2284 831 2338 tribuit
847 2284 1039 2339 Reitzenstein.

580 2420 619 2474 61
646 2410 718 2496 [18]

203 2526 326 2584 meltum
348 2526 501 2584 meliorem
525 2524 670 2583 dicebant.

208 2616 290 2668 Paul.
310 2615 384 2669 Feet.
399 2633 430 2684 p.
447 2619 514 2680 122,
529 2618 546 2667 3
564 2630 655 2669 moltam
673 2645 707 2653 -
726 2628 769 2668 uic.
802 2614 922 2668 carmini
943 2614 1045 2668 saliari
1068 2613 1164 2669 vindi-

137 2686 211 2740 cavit
230 2688 461 2741 Muiereubreeter
478 2688 514 2753 fr.
529 2690 574 2739 27.
609 2686 688 2740 Aelio
708 2685 807 2740 tribuit
825 2686 1016 2741 Reitzenstein.

138 2762 141 2769 ’
209 2765 337 2836 meltom]
365 2766 510 2820 melioeem
542 2767 695 2820 Thewrewle
722 2767 780 2820 cell.
806 2765 895 2820 Varro
922 2765 954 2819 de
980 2765 996 2820 1.
1018 2766 1052 2820 L.
1075 2769 1103 2834 7,
1117 2770 1164 2821 27.

138 2840 172 2903 ef.
193 2838 299 2908 Reppe,
319 2837 411 2892 Fece.
430 2839 543 2892 laterbe.
560 2842 613 2891 105
633 2839 727 2906 (1872)
742 2855 773 2906 p.
792 2841 844 2891 101

591 2972 634 3029 62
674 2970 693 3028 5

209 3075 343 3136 Cloatius
363 3071 416 3156 [fr.
430 3072 484 3156 11]
505 3080 536 3136 et
548 2964 707 3135 Aelius[in]
718 3076 803 3134 libris
822 3094 975 3135 sacrorum
993 3076 1164 3134 molucrum

142 3183 204 3224 esse
224 3167 311 3223 aiunt
332 3167 448 3244 lignum
472 3165 621 3241 quoddam
646 3164 834 3242 quadratum,
857 3164 908 3223 ubi
931 3164 1116 3225 immolatur.

210 3256 285 3310 Feet.
300 3274 332 3325 p.
352 3261 430 3322 141¹,
449 3260 486 3310 25
510 3269 609 3310 cloatius
623 3287 658 3296 -
671 3270 814 3322 immunem
836 3254 913 3309 idem
936 3253 1034 3307 Aelius
1059 3255 1108 3325 [fr.
1123 3254 1164 3326 2].

141 3328 173 3381 de
191 3344 220 3381 re
238 3327 281 3381 vd.
303 3329 362 3381 aliu
380 3328 457 3396 apud
477 3328 561 3381 Cleat.
578 3334 603 3381 et
616 3328 675 3381 Aet.
691 3326 707 3380 l.
723 3344 744 3381 e.

213 3421 227 3469 1
244 3418 272 3469 et
281 3415 377 3470 Aelius
389 3418 489 3484 scripsi
493 3433 547 3484 pro
560 3416 646 3469 etium
654 3417 720 3481 eod,
735 3417 807 3484 quod
815 3421 1035 3484 correptumeeee
1046 3415 1164 3468 vidam.

141 3488 217 3542 Aelii
226 3495 294 3542 certe
303 3504 401 3541 eeeeee
410 3488 542 3542 excidisse
550 3504 611 3542 eum
616 3488 727 3556 plurali
738 3488 840 3541 ‘uiuet'
849 3494 908 3541 twm
917 3486 1004 3540 verbis
1011 3484 1163 3540 ‘idemAe'

134 3560 379 3614 em'seinilleinum
393 3575 448 3614 esee
462 3560 520 3614 iam
535 3559 654 3615 Ursinus
667 3559 810 3613 iutelteoeit.
831 3564 938 3626 poterut
947 3557 1056 3626 quidem
1065 3557 1166 3612 Aelim
