2422 3840
160 173 281 245 Gnipho.
317 174 471 244 Pompilius
491 175 675 230 Andronicus.
713 175 774 230 Sex.
793 175 900 231 Ennius
975 177 1037 241 101

134 419 188 502 M.
220 416 521 504 POMPILIUS
553 417 920 504 ANDRONIOUS

380 601 685 670 TESTIMONIUM

87 753 167 812 Snel.
192 755 227 812 sie
246 771 370 828 promen.
391 755 412 813 8
456 753 495 810 M.
519 752 685 828 Pompilius
708 753 895 812 Andronicus
919 757 1040 813 natione

18 842 117 919 Syrus
148 842 247 902 studio
275 843 440 920 Epicureae
471 845 567 901 seclae
597 842 773 901 desidiosior
799 845 831 901 in
858 844 1041 919 professione

20 933 220 1009 grammsiioe
259 931 426 991 habebatur
466 933 623 1006 minusque
663 931 787 991 idoneus
824 932 862 990 sd
899 934 1041 992 luendum

23 1021 165 1079 scholam.
210 1021 313 1095 itaque
351 1038 416 1078 cum
450 1039 480 1079 se
513 1021 544 1077 in
576 1020 648 1079 urbe
684 1040 744 1079 non
781 1021 877 1079 solum
909 1021 1041 1080 Antonio

23 1109 177 1185 Gniphoni
204 1110 255 1168 sed
279 1111 383 1168 coieris
411 1111 502 1168 etiam
530 1109 723 1168 deterioribus
751 1111 892 1186 postponi
919 1111 1068 1183 sidereis

23 1197 134 1257 Cumas
160 1199 284 1257 transiit
309 1199 412 1273 ibique
439 1201 470 1256 in
495 1202 556 1257 olio
585 1201 660 1257 vixit
684 1203 713 1257 et
736 1200 832 1257 multa
862 1201 1042 1275 composuit3

21 1308 129 1348 verum
150 1287 223 1346 sdeo
245 1289 332 1363 inops
352 1291 442 1363 elque
466 1305 563 1365 egens,
587 1289 622 1345 ut
644 1291 763 1347 coaetus
787 1290 827 1346 sii
848 1289 1042 1364 praecipuum

21 1376 101 1435 illud
120 1377 295 1452 opusculum
314 1395 402 1436 suum
423 1378 576 1434 annalium
595 1378 686 1435 Ennii
710 1378 898 1436 elenchorum
917 1377 1042 1436 sedecim

22 1465 146 1524 milibus
177 1486 332 1525 nummum
363 1466 481 1524 cuidam
513 1466 648 1539 vendere,
687 1484 760 1541 quos
792 1466 883 1524 libros
912 1466 1042 1525 Orbilius

23 1573 198 1631 suppressos
216 1555 375 1614 redemisse
398 1575 428 1614 se
450 1554 524 1613 dicit
545 1555 768 1632 vulgandosque
787 1574 906 1614 curasse
925 1559 1084 1613 nominem

24 1647 164 1703 auctoris.

97 1743 254 1798 Andronici
275 1750 390 1797 aetatem
413 1745 444 1796 in
466 1748 587 1810 tempora
609 1743 729 1797 Sullcna
751 1743 870 1797 incidere
888 1750 974 1812 patet.
1012 1743 1045 1796 cie

23 1814 96 1868 libro
130 1815 297 1869 ‘Annalium
329 1815 422 1869 Ennii
453 1814 632 1869 elenchosnm'
667 1816 701 1881 cf.
734 1815 850 1880 Vahlen,
884 1817 973 1882 praef.
1007 1813 1045 1868 ad

23 1887 103 1940 Enn.
129 1902 159 1954 p.
180 1885 291 1939 XXIX
297 1885 315 1938 ².
362 1886 394 1939 de
421 1887 521 1940 studiis
548 1886 696 1954 Epiozneis
728 1887 762 1953 cf.
790 1886 886 1952 Zeller,
917 1886 991 1939 Phil.
1018 1886 1044 1938 ei.

26 1957 136 2011 Griecls.
155 1960 213 2022 3,1
231 1958 315 2026 (Lps.
331 1958 417 2025 1880)
436 1974 465 2025 p.
482 1960 536 2011 375
560 1964 585 2010 et
607 1958 798 2027 TbGonpere,
824 1957 911 2010 Wien.
931 1956 1045 2011 oscos

100 2122 114 2170 1
136 2115 245 2170 Murcus
264 2117 339 2171 corii
356 2117 431 2171 codd.
526 2121 542 2169 8
562 2133 632 2185 opus
651 2117 697 2170 cui
715 2117 832 2170 tilulum
850 2118 919 2171 coni.
943 2117 1044 2171 OJnlrn

24 2187 102 2241 Enni
122 2188 208 2242 Vatis.
282 2193 316 2241 10
335 2187 523 2258 volgandosq;
548 2188 634 2242 Velie.

351 2447 472 2535 SEX.
510 2447 724 2534 ENNIUS

371 2632 703 2701 immemores

102 2782 125 2831 1.
146 2776 220 2830 Suet.
238 2776 271 2830 ds
288 2794 401 2900 promis.
423 2783 438 2831 1
464 2776 540 2843 quod
562 2793 619 2830 non
637 2774 709 2828 nulli
727 2776 844 2829 tradunt
867 2774 936 2827 duos
960 2773 1046 2827 libros

27 2848 68 2902 de
90 2847 226 2900 litteris
249 2865 286 2916 sy
305 2848 477 2915 labiique,
502 2848 570 2901 item
589 2848 628 2900 de
646 2846 765 2900 metris
784 2845 820 2898 sb
840 2846 938 2898 eodem
957 2845 1047 2899 Ennio

28 2918 137 2990 [mein]
148 2919 249 2985 editos,
258 2919 320 2973 iure
329 2919 423 2989 arguit
429 2919 458 2974 L.
465 2919 547 2974 Colis
557 2936 613 2972 non
623 2921 724 2988 poetae
734 2918 782 2970 sed
792 2916 956 2987 posterioris
964 2915 1048 2969 Ennii

28 3006 97 3055 esse,
108 2990 188 3043 cuins
199 2990 286 3044 eliam
301 2991 339 3043 de
352 2990 545 3060 eugursndi
560 2987 1046 3059 disciplinsvolumincferentur.

100 3084 195 3133 mrum
212 3080 257 3133 hic
274 3080 389 3134 Ennins
406 3097 535 3148 nmquam
552 3081 637 3146 fnerii
660 3097 699 3133 an
716 3095 785 3144 non,
809 3094 911 3146 mapna
930 3083 968 3131 esi
985 3093 1047 3130 eon

28 3151 174 3216 noemia,
197 3156 277 3220 cique
296 3152 432 3219 plerique,
452 3152 614 3219 praesertim
636 3151 807 3216 recentiores,
830 3154 932 3218 nepant
950 3147 995 3216 (cf.
1015 3147 1048 3202 ie

30 3222 147 3277 diuersis
164 3223 305 3277 sentenciis
323 3223 455 3290 moenie,
469 3223 560 3277 Fieri.
575 3222 686 3276 Jahsob.
702 3222 791 3290 suppl.
808 3224 851 3275 18.
868 3223 978 3287 1891p.
995 3223 1048 3272 594

29 3302 54 3349 et
73 3293 259 3364 Weinberper‚
278 3294 378 3355 Philol.
394 3298 437 3347 63.
458 3298 528 3348 1904
543 3310 573 3362 p.
589 3296 643 3346 633
653 3295 710 3360 sp).
743 3309 789 3362 epo
808 3291 917 3360 quidem
935 3307 968 3344 ne
987 3307 1047 3344 rnr-

29 3381 78 3420 sns
102 3364 136 3418 de
160 3382 189 3419 re
211 3365 281 3420 satis
305 3367 444 3435 sinpnlcri
471 3365 574 3430 dicam,
606 3370 638 3416 nl
666 3364 717 3417 alii
741 3365 782 3417 ila
810 3363 943 3427 sentiant,
976 3363 1047 3415 cnti-

30 3438 194 3506 qnissimnm
207 3436 336 3490 Enniicm
354 3437 438 3490 libros
450 3438 642 3506 memmonicos
655 3436 688 3488 de
703 3435 861 3490 litteratore
875 3439 900 3488 cc
913 3433 947 3487 <ie
960 3432 1056 3485 uronis

28 3514 138 3577 praem
170 3509 332 3577 acquirendi
360 3508 537 3577 disciplinam
569 3509 729 3583 scripsisse,
761 3525 855 3565 nnnnc
886 3504 1075 3578 menesium

19 3587 108 3646 puto:
127 3593 192 3630 nam
211 3593 272 3630 mm
283 3578 402 3634 Ennius
417 3581 536 3648 quedam
557 3586 645 3644 insta
664 3586 806 3644 Ennium
825 3587 947 3657 possum
958 3578 1011 3636 oss
1027 3581 1091 3628 sru-
