2422 3840
132 157 197 223 206
281 155 487 211 Grammaticos
506 156 609 210 aetatis
627 155 820 213 varronianae
839 156 999 227 fragments

132 320 259 386 operibus
271 318 411 372 interioris
424 317 589 372 eruditionis
602 323 685 371 antea
703 319 914 387 inoestipaoerat
937 317 1151 374 adumbraverit.

132 406 165 445 ea
184 406 240 458 qua
257 389 320 458 ipsa
337 406 367 442 re
385 405 466 456 quam
485 388 598 455 diffinis
616 391 665 455 sit,
688 405 758 456 quae
775 390 908 456 reliquiae
925 390 986 456 166,
1005 407 1075 458 quae
1093 392 1151 445 alio

132 463 300 530 pertineant,
318 461 497 530 distinpuere,
516 459 691 529 intellepr‘tur,
709 476 770 513 oum
784 459 946 529 praesertim
964 478 998 515 en
1015 462 1150 530 Discipli-

132 549 233 587 narum
258 533 349 599 primo
376 548 463 584 unum
490 531 577 586 solum
604 531 788 601 frapmentum
820 532 917 586 diserte
944 533 1078 587 traditum
1105 535 1150 588 sit.

131 620 223 657 rernm
253 609 344 657 tamen
367 602 508 672 quandam
535 603 739 670 dispositionem
763 602 919 657 ermanns
942 605 978 672 (p.
994 607 1085 672 98sq.)
1105 621 1150 659 en-

132 675 269 744 eopitavit,
288 690 366 742 quem
384 679 517 741 quatenus
535 675 612 742 sequi
627 675 776 741 possimus,
799 675 830 726 in
847 675 966 743 sinpnlis
987 676 1151 746 srapmentis

131 746 289 800 videbimus.
326 746 371 799 bio
392 761 479 798 unum
503 751 598 799 eontra
620 762 681 799 eum
705 746 831 799 disemus.
871 762 926 812 qua
948 748 1020 800 enim
1043 750 1151 802 ratione

130 818 166 884 fr.
186 819 242 871 256
266 818 319 870 buo
343 815 514 883 referentium
537 817 574 870 sit
598 816 770 883 (Wilmanns
791 833 820 885 p.
841 820 883 870 34.
904 819 980 883 110),
1006 834 1064 872 non
1085 823 1151 886 per·

130 888 275 956 spicimus,
298 904 359 943 oum
382 888 541 957 anolopiam
563 887 779 941 declinationum
798 887 885 942 Varro
909 890 940 942 in
959 889 1027 943 libro
1047 906 1152 972 quoque

131 959 177 1013 De
200 959 344 1014 simititud
363 958 432 1013 oerb.
449 965 606 1027 persecutus
628 959 677 1024 sit,
698 965 926 1027 praeceptumque
948 960 992 1013 elli
1014 961 1151 1028 superiori

128 1047 244 1099 prorsus
267 1031 436 1084 cannarum
464 1030 496 1083 in
518 1030 656 1084 contrario
679 1030 749 1084 libro
768 1030 812 1084 De
830 1031 890 1084 util
909 1047 985 1084 serm
1006 1032 1053 1097 (fr.
1068 1033 1094 1101 5)
1113 1033 1150 1086 16

130 1107 223 1186 patur,
241 1118 324 1184 neque
340 1101 491 1167 Charisius,
510 1103 559 1168 qni
572 1118 604 1155 ea
596 1100 749 1225 prodidit,
764 1119 797 1155 en
811 1103 885 1155 alius
897 1102 1039 1169 scriptoris
1052 1119 1149 1157 memo-

130 1175 176 1227 ria
195 1173 340 1255 deceperit,
344 1174 401 1226 nisi
418 1173 523 1237 Plinii,
546 1189 579 1226 eor
602 1187 655 1239 quo
678 1173 779 1225 notitia
802 1188 905 1240 quoque
928 1173 993 1227 libri
1010 1175 1055 1227 De
1073 1176 1149 1228 simi-

131 1245 210 1298 litud.
234 1245 340 1297 oerb.
328 1261 360 1296 m
384 1213 540 1298 Olrarisium
562 1244 674 1310 fluxisse
697 1244 805 1298 uidetur
832 1243 928 1312 (Beole,
949 1244 1072 1299 61116.
1092 1245 1149 1300 See.

131 1315 195 1368 dub.
215 1331 291 1369 serm.
311 1316 368 1368 rell.
384 1331 414 1382 p.
435 1314 555 1368 XXIII.
580 1316 614 1380 os.
634 1314 877 1381 ASobottmueller,
897 1316 929 1370 de
949 1316 977 1370 0.
997 1317 1072 1369 Plin.
1093 1316 1149 1372 See.

131 1387 192 1440 libr.
207 1403 320 1456 pramm.
336 1402 362 1453 p
378 1390 455 1454 19sq.
473 1385 632 1451 Moramslei,
651 1387 766 1441 Hermes
780 1391 823 1442 11.
846 1390 920 1440 1876
928 1404 959 1455 p.
975 1390 1096 1456 339sq.;)
1115 1405 1150 1443 ne

131 1457 222 1511 dicam
241 1457 399 1511 Clearisium
418 1457 640 1539 Disciplinarum
663 1458 795 1511 librorum
817 1474 920 1512 monum
939 1463 1045 1513 tantum
1070 1458 1150 1521 niodo

130 1542 284 1583 memorare.
311 1529 395 1582 totius
412 1530 501 1597 operis
519 1529 550 1580 in
567 1529 603 1594 fr.
618 1531 675 1582 237
693 1529 841 1582 adumbrat
830 1535 887 1582 tam
904 1530 1051 1600 imapinem
1068 1530 1149 1584 babe-

130 1617 200 1666 mus,
213 1601 239 1653 si
251 1617 281 1655 re
293 1616 359 1654 nera
372 1600 443 1653 illud
457 1601 509 1653 buo
518 1601 640 1667 pertinet
655 1600 699 1667 (of.
717 1599 824 1665 Usener,
839 1600 904 1654 rbid.
917 1618 946 1668 p.
962 1604 1016 1656 642
1029 1601 1096 1656 adn.
1111 1604 1148 1670 3).

130 1672 163 1725 de
182 1672 345 1738 temporibus
362 1671 405 1724 od
425 1671 503 1738 infra
522 1670 560 1723 ool
578 1672 640 1725 libr.
661 1671 778 1739 Diseipl
807 1673 860 1729 bue
877 1671 993 1737 fortasse
1007 1673 1150 1741 pertinent

129 1743 165 1809 fr.
180 1744 316 1796 ese-37
335 1745 398 1796 243.
417 1746 479 1796 ees.

570 1895 611 1950 49
652 1895 693 1950 95

196 2000 404 2058 litterarum
427 1999 560 2074 partim
584 1886 666 2057 suit
690 1887 725 2057 it
748 1999 927 2074 dicuntur,
951 2004 991 2058 ut
1014 2018 1032 2057 a
1055 2003 1090 2058 61
1112 2000 1149 2076 b;

130 2091 264 2164 partim
287 2088 457 2147 dicuntur
480 2107 593 2162 nsque
617 2091 713 2162 sunt,
741 2091 781 2146 ιι1
807 2088 828 2144 h
856 2092 891 2146 et
912 2109 945 2163 x3
976 2089 1148 2163 quaedam

130 2196 242 2252 neque
267 2179 350 2235 sunt
372 2196 484 2252 nsque
508 2177 687 2250 dicuntur,
710 2179 749 2234 ut
772 2199 795 2253 φ
820 2180 854 2235 61
876 2189 911 2252 ψ.

201 2277 277 2331 Ann.
289 2275 400 2330 Oornnt.
411 2293 455 2343 ap.
468 2276 590 2330 Cassiod.
601 2275 668 2330 ortb.
681 2293 709 2343 p.
721 2279 808 2342 153,1
819 2278 965 2344 praeberes
975 2277 1004 2328 in
1015 2274 1087 2329 libro
1098 2275 1147 2343 qui

130 2348 173 2400 est
192 2347 227 2400 de
245 2346 432 2415 grammatias
450 2346 538 2400 Varro
558 2363 621 2400 oum
645 2345 680 2399 de
699 2345 802 2399 litteris
821 2345 983 2413 dissereret,
1004 2347 1074 2399 item
1094 2347 1147 2417 [iba

129 2418 218 2488 codd]
237 2418 257 2470 h
275 2418 350 2471 inter
363 2417 475 2471 litteras
489 2435 545 2471 non
561 2435 620 2471 esse
636 2416 794 2486 disputavit
811 2417 1056 2488 [disputatorem]
1071 2417 1147 2485 quod

129 2488 218 2542 multo
237 2489 329 2542 minus
348 2489 457 2556 mirum,
477 2504 561 2556 quem
581 2489 655 2556 quod
670 2507 688 2540 x
702 2505 813 2556 quoque
832 2488 958 2542 litteram
977 2506 1036 2543 esse
1051 2491 1146 2558 negat.

129 2560 159 2612 in
182 2577 237 2628 quo
257 2560 325 2628 quid
344 2531 466 2613 voluerit
492 2560 608 2630 [viderit
626 2560 724 2630 oodd„]
748 2559 1146 2629 nondumdeprehend13ip-

130 2631 187 2685 sius
206 2631 293 2686 verbs
312 2631 463 2686 subiciam.
490 2645 592 2685 neuram
629 2647 804 2694 -ιι-ιφιιψ
828 2633 863 2698 of.
882 2632 917 2698 fr.
933 2635 958 2685 2.
974 2635 1038 2685 279.
1068 2631 1146 2686 Mar

136 2703 202 2757 Viot
218 2720 247 2771 p
269 2708 294 2769 5,
308 2706 352 2757 26.
373 2706 438 2769 6,2.
466 2704 572 2757 Donat.
555 2709 635 2756 tars
649 2720 688 2772 pr.
702 2720 729 2770 p.
746 2707 810 2768 368,
826 2706 850 2756 7.
880 2704 943 2770 Ieep
957 2703 1022 2757 ibid.
1040 2719 1069 2769 p.
1085 2706 1145 2756 113

202 2811 268 2862 161
285 2810 311 2862 A
329 2811 358 2862 et
376 2808 398 2860 B
419 2811 448 2861 61
465 2809 484 2861 h
504 2811 533 2861 et
549 2827 567 2861 x
590 2809 696 2877 partim
720 2810 786 2861 sunt
809 2824 881 2876 quae
904 2825 994 2875 neque
1014 2807 1147 2862 dicuntur

129 2880 269 2947 quaedam
288 2899 314 2934 ιι.
335 2898 356 2933 s.
375 2898 402 2932 ιι.
423 2879 448 2933 d.
469 2882 502 2932 ut
519 2879 570 2948 phi
588 2897 606 2947 y
626 2880 712 2933 Bern.
733 2883 786 2935 330
805 2881 896 2934 Paris.
917 2882 949 2931 ut
968 2895 984 2932 6
1003 2878 1064 2933 611)
1083 2880 1147 2933 het

128 2951 384 3078 ngblletogloent
382 2949 732 3090 xessdwrpzsrffiqstspnt
751 2966 842 3017 neque
856 2950 988 3004 dicuntur
1001 2952 1034 3002 ιι1
1047 2950 1099 3019 phi
1117 2954 1148 3004 Ψ

448 3220 542 3271 ΠΕΡι
556 3219 820 3323 {supersessis

198 3345 334 3412 hocopus
353 3344 385 3396 de
403 3344 530 3410 formulis
547 3343 688 3396 uerborum
707 3341 792 3407 fuisse
810 3358 893 3409 neque
912 3341 1044 3396 dissimile
1067 3342 1146 3397 libris

127 3414 298 3471 ΧΙ-ΧΠΙ
313 3415 357 3469 De
369 3416 396 3469 l.
416 3415 480 3469 Lat.
500 3415 620 3481 libroque
639 3413 683 3467 De
700 3413 843 3467 similitud.
868 3413 936 3467 berb.
967 3419 1063 3467 contra
1082 3414 1145 3468 Ilit·

125 3487 255 3540 sobelium
282 3488 334 3554 (op.
355 3489 381 3551 3,
400 3487 464 3555 459)
489 3485 594 3540 Usener·
609 3491 678 3539 reete
704 3485 803 3540 statuit
829 3484 930 3552 (Fleob.
958 3485 1072 3538 dabrbb.
1099 3488 1144 3538 95.

108 3559 196 3605 1857
193 3573 229 3621 p.
243 3558 366 3626 24766).
393 3558 428 3625 el?
442 3559 528 3615 etiam
548 3557 706 3631 Tryphonis
721 3555 907 3612 Alexandrini
920 3557 985 3622 nest
999 3554 1145 3624 despolior
