2422 3840
141 199 206 264 336
290 199 495 254 Grammatioae
514 199 616 254 aetatis
635 197 827 254 varronianae
845 197 1004 268 fragmenta

615 371 682 430 342

210 477 324 536 Statius
349 476 563 536 estabilitate.

213 587 233 638 I
236 586 289 640 oio.
305 590 322 639 4
340 598 369 638 se.
385 610 399 638 a
412 600 468 640 stan.
496 586 530 652 os.
550 585 588 638 ad
605 585 641 652 fr.
656 587 719 639 323.

617 738 683 795 343

209 861 321 920 Tiberii
339 862 467 922 vocitari
485 863 646 936 coeperunt
664 860 716 937 qui
740 860 778 918 ad
797 859 928 918 Tiberim
950 860 1159 919 nascebantur.

213 971 235 1022 I
237 971 291 1024 tid.
306 974 323 1024 6
340 983 426 1024 mortu
439 1001 466 1008 -
479 984 567 1024 nasoon
595 969 631 1035 os.
650 967 688 1022 od
705 969 741 1035 sn.
758 972 820 1023 323.

617 1139 681 1196 344

209 1264 295 1322 Titus
320 1283 335 1321 e
359 1262 470 1323 Sabino
493 1265 611 1320 nomine
636 1262 704 1320 Tito
728 1261 821 1320 fluxit.

212 1371 403 1426 1544641555
417 1403 444 1410 -
457 1385 530 1424 fluxit.
572 1371 655 1424 Paul.
676 1370 749 1425 Fert.
769 1387 799 1438 p.
819 1373 888 1436 366,
907 1374 925 1423 9
950 1367 1029 1422 tituli
1052 1368 1159 1422 milites

141 1442 321 1511 appellantur
339 1442 420 1510 quasi
438 1441 533 1507 totali,
553 1443 628 1508 quod
646 1441 769 1510 patriam
788 1443 940 1506 tuerentur,
961 1440 1036 1493 unde
1056 1443 1085 1494 et
1102 1439 1160 1493 Titi

140 1530 310 1583 praenomen
329 1516 421 1568 ortum
440 1516 490 1568 est.
528 1513 563 1579 of.
583 1515 621 1567 od
637 1516 674 1580 fr.
690 1516 752 1567 323.

213 1621 327 1675 nomine
354 1621 439 1674 titulo
470 1624 540 1675 coni.
565 1621 728 1675 Perizonius
754 1638 788 1675 eor
811 1621 902 1674 Paulo
925 1621 944 1673 l.
967 1636 988 1672 o.
1017 1617 1093 1672 Titio
1122 1636 1160 1672 oo

141 1691 244 1745 Tatio?
282 1693 316 1759 of.
341 1693 429 1748 Varro
448 1693 480 1747 de
499 1694 515 1747 l.
531 1694 566 1747 L.
586 1696 612 1759 5,
627 1696 664 1745 55

616 1844 681 1902 345

209 1968 316 2027 Tullus
333 1970 577 2044 praenominatus
597 1971 641 2028 est
660 1969 766 2026 ominis
785 1969 884 2045 gratia
903 1969 989 2043 quasi
1009 1967 1159 2026 tollendus

143 2078 160 2116 o
184 2059 286 2116 littera
308 2060 340 2115 in
363 2079 384 2117 u
407 2077 556 2117 eonversa.

212 2166 288 2220 rora.
304 2169 321 2218 4
339 2179 417 2220 nnus
430 2198 457 2205 -
470 2191 582 2221 anans
615 2165 649 2231 cf.
669 2165 707 2219 aa
724 2166 760 2232 fr.
776 2169 838 2221 aes.

616 2336 681 2393 346

208 2461 317 2519 Volero
336 2460 367 2519 in
386 2479 565 2536 praenomen
586 2459 669 2535 abiit,
689 2460 768 2535 quod
782 2459 951 2519 volentibus
970 2461 1054 2518 nasci
1072 2458 1159 2517 liberi

141 2549 315 2625 parentibus
338 2549 525 2624 videbantur,
549 2569 607 2625 quo
630 2567 701 2608 usus
726 2553 770 2608 est
793 2543 982 2627 Publi<li>us
1006 2547 1103 2606 Philo.

213 2659 233 2710 I
235 2657 289 2712 bid.
305 2663 322 2712 4
341 2673 423 2712 vanno
437 2690 464 2696 -
477 2671 548 2712 runo.
577 2658 610 2724 of.
631 2657 669 2710 od
687 2658 722 2724 fr.
738 2660 800 2711 323.

214 2771 228 2818 1
248 2764 344 2818 liberis
363 2782 421 2833 par.
442 2767 469 2834 (a
483 2782 541 2833 par.
560 2765 673 2834 Grotos.)
692 2764 844 2817 indebatur
863 2764 988 2834 Plotiae,
1009 2762 1160 2829 Grotefeod

140 2837 172 2889 in
191 2837 305 2889 Zeitsoh.
323 2836 345 2902 f.
365 2837 486 2890 Attentos.
507 2841 580 2891 1843
594 2854 624 2905 p.
641 2840 695 2889 179
793 2841 808 2888 2
827 2834 953 2903 publius:
973 2851 1020 2888 em.
1041 2835 1159 2904 Piqhiue

620 3008 685 3064 347

211 3129 357 3205 Vopiscus
377 3132 429 3205 qui
451 3133 483 3188 in
502 3133 586 3189 utero
605 3133 710 3188 matris
730 3132 865 3206 geminus
885 3131 1044 3204 oonoeptus
1066 3130 1159 3187 altero

142 3219 249 3276 abortu
273 3220 366 3278 eiecto
390 3221 547 3279 incolumis
571 3220 667 3278 editus
693 3225 765 3278 erat.

212 3327 321 3380 Ibid.4
343 3341 454 3389 Vopiscus
467 3359 494 3365 —
508 3344 560 3381 erat.
590 3328 664 3380 Ptin.
684 3345 712 3380 rt.
731 3329 756 3380 h.
777 3332 802 3393 7,
817 3331 853 3380 47
878 3325 1013 3393 vopiscos
1034 3325 1159 3394 appella·

141 3397 212 3450 bant
232 3414 246 3450 e
266 3398 385 3466 geminis
405 3399 453 3466 qui
472 3399 575 3452 retenti
594 3402 674 3453 utero
691 3400 871 3452 nascerentur
886 3397 975 3450 altero
989 3397 1159 3465 interempto

138 3468 249 3523 abortu.
285 3471 362 3524 Nora
370 3487 403 3540 p.
419 3475 513 3538 557,3
535 3470 672 3538 Vopiscus
692 3470 740 3537 qui
760 3486 793 3522 ex
813 3468 921 3522 duobus
941 3469 1084 3537 conceptis
1103 3485 1158 3521 uno

123 3539 230 3592 abortu
250 3541 367 3598 excluso
387 3543 424 3598 ad
449 3545 566 3616 partum
588 3542 751 3614 legitimum
769 3541 925 3594 uetuoitur.
959 3541 995 3605 of.
1016 3540 1088 3594 Prot.
1110 3541 1157 3595 Oo-

109 3610 172 3663 rt'ol
194 3617 235 3666 II.
273 3615 371 3686 Quint.
388 3623 417 3688 1,
434 3623 461 3687 4,
475 3622 527 3676 25.
