2422 3840
125 161 239 215 XXVHI
532 159 734 229 Prolegomena

86 346 111 385 ro
124 329 180 388 hoc
207 329 290 387 illius
320 347 426 387 munus
454 330 486 386 in
512 331 566 386 tua
594 329 751 405 diligentia
780 331 911 403 positum
939 333 990 388 est.
1037 330 1062 388 si
1090 350 1138 389 me

125 437 221 492 arnas,
252 437 323 477 eura
350 421 385 475 ut
412 421 624 476 conserventur
652 421 682 475 et
709 418 747 475 ad
774 438 820 476 me
848 420 1048 495 perferantur3
1081 420 1138 478 hoc

124 508 199 565 mihi
222 508 298 565 nihil
321 510 421 582 potest
444 525 506 566 esse
530 509 652 584 gratius.
691 511 721 564 et
744 525 809 564 cum
830 505 957 566 Graecos
979 512 1046 566 tum
1066 527 1137 567 vero

125 597 285 673 diligenter
306 596 431 654 Latinos
453 599 489 654 ut
512 614 664 654 conserves
687 597 786 654 velim.
822 598 862 653 iet.
882 599 1137 668 adfara.16,20

126 679 179 762 [ad
200 679 348 762 Tironem]
372 684 463 744 libros
484 703 634 759 compone,
658 684 792 743 indicem.
829 684 868 742 iet.
889 687 928 744 ad
946 684 1005 743 Aa.
1025 688 1054 752 2,
1072 688 1135 754 6,1

86 794 110 832 15
126 769 213 852 [Anti
236 794 263 832 a.
290 767 429 848 695J59]
454 774 539 833 libris
562 793 609 832 me
633 774 759 847 delecte,
784 793 909 848 quorum
932 775 1025 833 habeo
1049 775 1137 833 Anti

124 863 264 923 festivam
288 865 412 939 copiam.
458 865 497 921 iet.
516 864 585 922 ibid.
607 866 696 931 aaa,
714 867 732 920 1
758 857 803 942 [in
816 861 932 922 Antiati
951 883 978 923 a.
996 857 1134 942 698s56]

123 953 254 1027 perbelle
277 953 390 1024 feceris,
414 953 440 1009 si
459 952 497 1009 ad
515 970 568 1009 nos
592 954 715 1010 veneris.
752 953 881 1010 offendes
901 953 1135 1028 designationem

124 1042 322 1115 Tyrannionis
356 1042 512 1098 mirificam
543 1040 688 1099 librorum
719 1060 852 1099 meorum
888 1036 1135 1120 [bibliothecam],

125 1151 250 1206 quornm
269 1131 413 1205 reliquiae
436 1130 531 1188 multo
549 1130 685 1188 meliores
705 1133 783 1195 sunt,
809 1149 898 1204 quam
921 1134 1067 1206 putaram.
1106 1134 1136 1189 et

84 1237 110 1276 no
124 1221 214 1277 velim
237 1220 310 1276 mihi
333 1221 436 1277 mittas
456 1219 491 1276 de
514 1219 574 1276 tuis
597 1218 759 1277 librariolis
784 1219 856 1278 duos
881 1220 1004 1295 aliquos
1029 1219 1135 1294 quibus

124 1309 274 1383 Tyrannio
296 1311 399 1366 utatur
422 1307 663 1384 glutinatoribus,
688 1308 726 1365 ad
749 1311 847 1366 cetera
870 1308 1062 1381 administris,
1086 1309 1136 1368 iis-

125 1417 182 1472 que
212 1399 352 1473 imperes,
382 1399 417 1454 ut
444 1399 564 1454 sumant
592 1397 840 1470 membranulam,
873 1416 907 1455 ex
936 1417 996 1472 qua
1024 1398 1136 1455 indices

123 1485 210 1559 fiant,
241 1505 316 1561 quos
344 1504 397 1544 ros
422 1483 539 1558 Graeci,
568 1488 603 1543 ut
632 1487 750 1561 opinor,
781 1484 937 1563 σιλλύβους
967 1487 1134 1562 appellatis.

123 1575 162 1633 id.
177 1576 246 1633 ibid.
260 1578 290 1643 4,
302 1577 362 1643 &2
378 1568 464 1652 [Arati
478 1592 505 1632 a.
521 1576 539 1631 6
542 1576 583 1632 98
587 1567 600 1652 l
606 1568 660 1653 56]
675 1577 780 1648 postea
794 1594 864 1633 vero
880 1594 969 1650 quam
984 1576 1135 1650 Tyrannio

84 1664 199 1721 etmihi
225 1663 318 1722 libros
341 1663 501 1738 disposuit,
531 1681 614 1722 mens
638 1663 741 1721 addita
767 1663 886 1722 videtur
908 1667 981 1722 meis
1005 1664 1135 1722 aedibus.

124 1772 183 1828 qua
214 1753 333 1827 quidem
362 1755 393 1809 in
423 1771 455 1810 re
485 1751 610 1810 mirifica
642 1771 732 1827 opera
759 1752 885 1827 Dionysi
916 1755 945 1810 et
971 1752 1136 1828 Menophili

122 1843 169 1900 tui
196 1841 262 1899 fuit.
308 1841 384 1898 nihil
411 1840 564 1899 venustius
593 1861 682 1916 quarn
709 1842 764 1899 illa
791 1844 844 1899 tua
870 1845 1024 1919 pegmata,
1054 1845 1136 1916 post·

124 1949 215 2005 quam
247 1932 288 1988 mi
325 1929 441 2005 sillybis
473 1929 564 1988 libros
601 1931 799 1989 illustrarunt.
859 1931 898 1990 id.
922 1931 990 1989 ibid.
1017 1934 1045 1999 4,
1067 1932 1136 1997 5,3

59 2067 71 2083 ,
124 2013 170 2097 [in
183 2017 300 2079 Antiati
314 2038 340 2078 a.
358 2011 497 2098 698l56]
517 2018 728 2078 bibliothecam
746 2021 821 2078 mihi
836 2021 882 2078 tui
895 2020 1054 2095 pinxerunt
1068 2038 1136 2078 con·

83 2127 108 2165 eo
123 2109 285 2167 structione
300 2110 329 2166 et
343 2107 465 2182 sillybis.
500 2127 548 2166 eos
562 2108 652 2166 velim
666 2108 777 2166 laudes
806 2111 891 2164 aliam
906 2110 1137 2164 bibliothecarum

124 2188 247 2244 Camano
264 2190 349 2256 faisse
365 2191 530 2258 perspicitur
549 2206 582 2243 ea
599 2190 675 2258 epist.
695 2190 732 2242 ad
753 2189 783 2258 Q.
802 2192 837 2255 fr.
856 2193 884 2255 2,
899 2193 942 2244 12.
962 2192 988 2254 3,
1003 2193 1020 2242 5
1034 2194 1060 2242 et
1074 2194 1136 2255 6,1.

191 2324 219 2379 9.
246 2320 302 2380 aa.
323 2323 362 2379 ad
381 2321 412 2395 Q.
432 2323 469 2393 fr.
491 2325 520 2390 3,
536 2326 564 2389 4,
583 2323 601 2380 5
626 2315 666 2400 [α.
688 2315 827 2402 700s54]
853 2323 888 2381 de
911 2322 1136 2380 bibliotheca

122 2414 186 2468 tua
210 2409 322 2469 Graeca
345 2410 523 2486 supplenda,
551 2411 636 2469 libris
664 2412 893 2485 commutandis,
916 2411 1032 2469 Latinis
1057 2429 1135 2469 com-

122 2499 273 2574 parandis,
291 2499 378 2557 valde
397 2501 487 2558 velim
502 2502 561 2558 ista
581 2499 697 2573 confici,
712 2500 888 2575 praesertim
902 2519 970 2558 cum
984 2500 1022 2558 ad
1036 2519 1136 2558 meum

125 2607 241 2662 quoque
269 2606 355 2646 usum
383 2591 529 2663 spectent3
559 2589 609 2648 sed
634 2608 688 2666 ego
712 2589 786 2646 mihi
808 2590 868 2664 ipsi
888 2591 949 2648 ista
971 2607 1024 2663 per
1047 2608 1135 2664 quern

52 2708 54 2714 ·
123 2696 219 2753 agam,
242 2695 301 2734 non
325 2676 428 2751 habea,
452 2671 547 2752 neque
571 2680 650 2736 enim
673 2677 791 2736 venalia
815 2680 892 2751 sunt,
916 2697 991 2753 quae
1016 2678 1135 2752 quidem

122 2766 269 2840 placeant,
300 2768 330 2824 et
353 2765 457 2824 confici
480 2768 538 2825 nisi
560 2787 614 2841 per
636 2767 784 2824 hominem
809 2770 839 2825 et
861 2767 991 2843 peritum
1015 2769 1045 2824 et
1067 2767 1135 2824 dili-

123 2857 243 2930 gentem
266 2874 326 2913 non
348 2859 480 2929 possunt,
527 2854 692 2930 Chrysippo
715 2858 816 2913 tamen
839 2855 991 2931 imperabo
1016 2857 1045 2912 et
1068 2873 1135 2913 cum

122 2943 310 3018 Tyrannione
333 2945 447 3018 loquar.
494 2947 528 3012 cf.
549 2946 586 2998 id.
606 2945 672 2998 ibid.
692 2948 717 3010 3,
733 2951 758 3011 6,
774 2950 797 2999 6.

191 3089 239 3143 10.
266 3085 323 3146 Cic.
343 3086 402 3144 Aa.
424 3090 452 3154 4,
469 3090 553 3154 10,1
580 3079 626 3163 [ia
650 3085 782 3145 (lamone
801 3106 826 3145 a.
850 3079 989 3165 699s55]
1014 3105 1068 3164 ego
1087 3086 1135 3145 hic

122 3193 228 3249 pascor
256 3175 482 3234 bibliotheca
509 3175 643 3233 Fausti.
689 3176 804 3241 fortasse
827 3177 891 3231 beer
913 3177 993 3230 natta
1016 3178 1075 3229 alta
1098 3183 1136 3231 est

122 3257 178 3308 nisi
201 3257 380 3324 Apeilicontis
403 3263 428 3310 et
450 3256 543 3310 Saitae
568 3258 634 3324 (teat.
655 3257 682 3324 3)
711 3255 748 3308 ad
775 3257 858 3310 baias
883 3258 972 3324 filiam
995 3257 1135 3310 Faastnna

122 3327 214 3380 delata
232 3329 386 3381 hereditate.
424 3329 457 3394 ef.
478 3344 547 3395 qnae
566 3328 639 3381 Boot
657 3327 694 3379 aet
712 3328 785 3381 tnnc
803 3329 820 3381 l.
840 3328 990 3382 adnotavit.

190 3463 240 3517 11.
264 3453 343 3518 Saet.
367 3461 415 3516 cit.
445 3457 527 3533 Very.
546 3478 578 3532 p.
601 3461 642 3518 66
656 3460 692 3517 R.
726 3462 801 3519 eius
827 3453 978 3538 [Vergilii]
1003 3459 1134 3518 biblio-

119 3548 224 3604 theca
245 3567 306 3604 non
328 3548 429 3605 rninus
453 3547 521 3606 aliis
546 3547 640 3608 doctis
663 3548 788 3625 patebat
811 3568 901 3625 quam
924 3547 988 3606 sibi.
