<?xml version="1.0" encoding="UTF-8"?>
<!DOCTYPE html PUBLIC "-//W3C//DTD XHTML 1.0 Transitional//EN"
    "http://www.w3.org/TR/xhtml1/DTD/xhtml1-transitional.dtd">
<html xmlns="http://www.w3.org/1999/xhtml" xml:lang="en" lang="en">
 <head>
  <title>
</title>
<meta http-equiv="Content-Type" content="text/html;charset=utf-8" />
  <meta name='ocr-system' content='tesseract 3.04.00' />
  <meta name='ocr-capabilities' content='ocr_page ocr_carea ocr_par ocr_line ocrx_word'/>
</head>
<body>
  <div class='ocr_page' id='page_1' title='image "./grammaticaeroma01funagoog_0325.png"; bbox 0 0 2422 3840; ppageno 0'>
   <div class='ocr_carea' id='block_1_1' title="bbox 132 168 996 238">
    <p class='ocr_par' dir='ltr' id='par_1_1' title="bbox 132 168 996 238">
     <span class='ocr_line' id='line_1_1' title="bbox 132 168 996 238; baseline -0.003 -13"><span class='ocrx_word' id='word_1_1' title='bbox 132 169 199 235; x_wconf 80' lang='grc'><strong>290</strong></span> <span class='ocrx_word' id='word_1_2' title='bbox 281 169 487 223; x_wconf 85' lang='lat' dir='ltr'><strong>Grammaticae</strong></span> <span class='ocrx_word' id='word_1_3' title='bbox 507 168 608 223; x_wconf 84' lang='lat' dir='ltr'><strong>aetatis</strong></span> <span class='ocrx_word' id='word_1_4' title='bbox 627 168 818 235; x_wconf 75' lang='lat' dir='ltr'><strong>varronianae</strong></span> <span class='ocrx_word' id='word_1_5' title='bbox 837 169 996 238; x_wconf 75' lang='lat' dir='ltr'><strong>fragmenta</strong></span> 
     </span>
    </p>
   </div>
   <div class='ocr_carea' id='block_1_2' title="bbox 93 336 1151 1746">
    <p class='ocr_par' dir='ltr' id='par_1_2' title="bbox 93 336 1151 1746">
     <span class='ocr_line' id='line_1_2' title="bbox 105 336 1147 414; baseline 0.004 -22"><span class='ocrx_word' id='word_1_6' title='bbox 105 341 186 397; x_wconf 78' lang='lat' dir='ltr'><strong>aaut</strong></span> <span class='ocrx_word' id='word_1_7' title='bbox 214 337 312 397; x_wconf 86' lang='lat' dir='ltr'><strong>minus</strong></span> <span class='ocrx_word' id='word_1_8' title='bbox 342 340 397 396; x_wconf 88' lang='lat' dir='ltr'><strong>aut</strong></span> <span class='ocrx_word' id='word_1_9' title='bbox 425 337 493 414; x_wconf 86' lang='lat' dir='ltr'><strong>plus</strong></span> <span class='ocrx_word' id='word_1_10' title='bbox 524 336 650 395; x_wconf 78' lang='lat' dir='ltr'><strong>tradidit</strong></span> <span class='ocrx_word' id='word_1_11' title='bbox 679 336 765 396; x_wconf 90' lang='lat' dir='ltr'><strong>nobis</strong></span> <span class='ocrx_word' id='word_1_12' title='bbox 793 356 884 412; x_wconf 89' lang='lat' dir='ltr'><strong>quam</strong></span> <span class='ocrx_word' id='word_1_13' title='bbox 914 337 994 412; x_wconf 91' lang='lat' dir='ltr'><strong>quod</strong></span> <span class='ocrx_word' id='word_1_14' title='bbox 1023 339 1147 414; x_wconf 88' lang='lat' dir='ltr'><strong>aceepit.</strong></span> 
     </span>
     <span class='ocr_line' id='line_1_3' title="bbox 132 424 1149 503; baseline 0.001 -18"><span class='ocrx_word' id='word_1_15' title='bbox 132 445 202 485; x_wconf 88' lang='lat' dir='ltr'><strong>nam</strong></span> <span class='ocrx_word' id='word_1_16' title='bbox 223 428 334 502; x_wconf 90' lang='lat' dir='ltr'><strong>siquis</strong></span> <span class='ocrx_word' id='word_1_17' title='bbox 357 427 439 486; x_wconf 90' lang='lat' dir='ltr'><strong>dicat</strong></span> <span class='ocrx_word' id='word_1_18' title='bbox 462 425 588 486; x_wconf 85' lang='lat' dir='ltr'><strong>acrimbo</strong></span> <span class='ocrx_word' id='word_1_19' title='bbox 608 425 687 501; x_wconf 90' lang='lat' dir='ltr'><strong>quod</strong></span> <span class='ocrx_word' id='word_1_20' title='bbox 711 428 756 484; x_wconf 89' lang='lat' dir='ltr'><strong>est</strong></span> <span class='ocrx_word' id='word_1_21' title='bbox 778 424 883 500; x_wconf 88' lang='lat' dir='ltr'><strong>scribo,</strong></span> <span class='ocrx_word' id='word_1_22' title='bbox 907 445 966 484; x_wconf 95' lang='lat' dir='ltr'><strong>non</strong></span> <span class='ocrx_word' id='word_1_23' title='bbox 990 426 1149 503; x_wconf 82' lang='lat' dir='ltr'>analogiae</span> 
     </span>
     <span class='ocr_line' id='line_1_4' title="bbox 123 513 1148 589; baseline -0.003 -13"><span class='ocrx_word' id='word_1_24' title='bbox 123 515 243 576; x_wconf 63' lang='lat' dir='ltr'><strong>&#39;urtute</strong></span> <span class='ocrx_word' id='word_1_25' title='bbox 267 515 318 575; x_wconf 84' lang='lat' dir='ltr'><strong>sed</strong></span> <span class='ocrx_word' id='word_1_26' title='bbox 340 517 469 574; x_wconf 89' lang='lat' dir='ltr'><strong>naturae</strong></span> <span class='ocrx_word' id='word_1_27' title='bbox 491 513 585 589; x_wconf 89' lang='lat' dir='ltr'><strong>ipsius</strong></span> <span class='ocrx_word' id='word_1_28' title='bbox 609 513 821 573; x_wconf 89' lang='lat' dir='ltr'><strong>constitutione</strong></span> <span class='ocrx_word' id='word_1_29' title='bbox 845 516 1039 573; x_wconf 88' lang='lat' dir='ltr'><strong>convincitur.</strong></span> <span class='ocrx_word' id='word_1_30' title='bbox 1077 534 1148 573; x_wconf 88' lang='lat' dir='ltr'><strong>ana-</strong></span> 
     </span>
     <span class='ocr_line' id='line_1_5' title="bbox 131 602 1149 682; baseline -0.001 -19"><span class='ocrx_word' id='word_1_31' title='bbox 131 605 213 682; x_wconf 74' lang='lat' dir='ltr'><strong>logia</strong></span> <span class='ocrx_word' id='word_1_32' title='bbox 242 606 385 664; x_wconf 87' lang='lat' dir='ltr'><strong>sermonis</strong></span> <span class='ocrx_word' id='word_1_33' title='bbox 410 623 427 662; x_wconf 92' lang='lat' dir='ltr'><strong>a</strong></span> <span class='ocrx_word' id='word_1_34' title='bbox 455 606 563 663; x_wconf 90' lang='lat' dir='ltr'><strong>natura</strong></span> <span class='ocrx_word' id='word_1_35' title='bbox 591 603 703 679; x_wconf 92' lang='lat' dir='ltr'><strong>proditi</strong></span> <span class='ocrx_word' id='word_1_36' title='bbox 733 602 882 662; x_wconf 86' lang='lat' dir='ltr'><strong>ordinatio</strong></span> <span class='ocrx_word' id='word_1_37' title='bbox 913 607 958 663; x_wconf 91' lang='lat' dir='ltr'><strong>est</strong></span> <span class='ocrx_word' id='word_1_38' title='bbox 987 605 1149 663; x_wconf 89' lang='lat' dir='ltr'><strong>secundum</strong></span> 
     </span>
     <span class='ocr_line' id='line_1_6' title="bbox 131 692 1149 769; baseline 0 -17"><span class='ocrx_word' id='word_1_39' title='bbox 131 693 281 752; x_wconf 89' lang='lat' dir='ltr'><strong>technieos</strong></span> <span class='ocrx_word' id='word_1_40' title='bbox 305 712 401 768; x_wconf 92' lang='lat' dir='ltr'><strong>neque</strong></span> <span class='ocrx_word' id='word_1_41' title='bbox 424 693 513 752; x_wconf 85' lang='lat' dir='ltr'><strong>aliter</strong></span> <span class='ocrx_word' id='word_1_42' title='bbox 530 692 689 751; x_wconf 87' lang='lat' dir='ltr'><strong>barbaram</strong></span> <span class='ocrx_word' id='word_1_43' title='bbox 707 693 842 769; x_wconf 86' lang='lat' dir='ltr'><strong>linguam</strong></span> <span class='ocrx_word' id='word_1_44' title='bbox 864 693 901 750; x_wconf 88' lang='lat' dir='ltr'><strong>ab</strong></span> <span class='ocrx_word' id='word_1_45' title='bbox 921 693 1038 751; x_wconf 86' lang='lat' dir='ltr'><strong>erudita</strong></span> <span class='ocrx_word' id='word_1_46' title='bbox 1058 713 1149 768; x_wconf 91' lang='lat' dir='ltr'><strong>quam</strong></span> 
     </span>
     <span class='ocr_line' id='line_1_7' title="bbox 93 781 1149 860; baseline 0.001 -19"><span class='ocrx_word' id='word_1_47' title='bbox 93 795 119 835; x_wconf 83' lang='lat'><strong>¹⁰</strong></span> <span class='ocrx_word' id='word_1_48' title='bbox 133 785 291 860; x_wconf 84' lang='lat' dir='ltr'><strong>argentum</strong></span> <span class='ocrx_word' id='word_1_49' title='bbox 323 802 341 841; x_wconf 90' lang='lat' dir='ltr'><strong>a</strong></span> <span class='ocrx_word' id='word_1_50' title='bbox 372 782 495 857; x_wconf 91' lang='lat' dir='ltr'><strong>plumbo</strong></span> <span class='ocrx_word' id='word_1_51' title='bbox 528 781 676 840; x_wconf 72' lang='lat' dir='ltr'><strong>dissociat.</strong></span> <span class='ocrx_word' id='word_1_52' title='bbox 728 781 908 840; x_wconf 89' lang='lat' dir='ltr'><strong>consuetudo</strong></span> <span class='ocrx_word' id='word_1_53' title='bbox 940 801 1000 840; x_wconf 92' lang='lat' dir='ltr'><strong>non</strong></span> <span class='ocrx_word' id='word_1_54' title='bbox 1032 782 1149 842; x_wconf 89' lang='lat' dir='ltr'><strong>ratione</strong></span> 
     </span>
     <span class='ocr_line' id='line_1_8' title="bbox 133 870 1148 949; baseline -0.001 -19"><span class='ocrx_word' id='word_1_55' title='bbox 133 871 289 949; x_wconf 79' lang='lat' dir='ltr'><strong>analogiae</strong></span> <span class='ocrx_word' id='word_1_56' title='bbox 318 871 369 929; x_wconf 89' lang='lat' dir='ltr'><strong>sed</strong></span> <span class='ocrx_word' id='word_1_57' title='bbox 392 871 505 930; x_wconf 86' lang='lat' dir='ltr'><strong>viribus</strong></span> <span class='ocrx_word' id='word_1_58' title='bbox 532 889 588 945; x_wconf 91' lang='lat' dir='ltr'><strong>par</strong></span> <span class='ocrx_word' id='word_1_59' title='bbox 611 873 665 944; x_wconf 88' lang='lat' dir='ltr'><strong>est,</strong></span> <span class='ocrx_word' id='word_1_60' title='bbox 695 870 762 929; x_wconf 87' lang='lat' dir='ltr'><strong>ideo</strong></span> <span class='ocrx_word' id='word_1_61' title='bbox 787 870 883 928; x_wconf 91' lang='lat' dir='ltr'><strong>solum</strong></span> <span class='ocrx_word' id='word_1_62' title='bbox 910 874 1038 947; x_wconf 86' lang='lat' dir='ltr'><strong>recepta,</strong></span> <span class='ocrx_word' id='word_1_63' title='bbox 1068 871 1148 947; x_wconf 92' lang='lat' dir='ltr'><strong>quod</strong></span> 
     </span>
     <span class='ocr_line' id='line_1_9' title="bbox 132 959 1149 1033; baseline 0.002 -16"><span class='ocrx_word' id='word_1_64' title='bbox 132 960 295 1019; x_wconf 91' lang='lat' dir='ltr'><strong>multorum</strong></span> <span class='ocrx_word' id='word_1_65' title='bbox 322 960 512 1019; x_wconf 82' lang='lat' dir='ltr'><strong>consensione</strong></span> <span class='ocrx_word' id='word_1_66' title='bbox 542 959 707 1033; x_wconf 84' lang='lat' dir='ltr'><strong>convaluit,</strong></span> <span class='ocrx_word' id='word_1_67' title='bbox 737 960 781 1017; x_wconf 87' lang='lat' dir='ltr'><strong>ita</strong></span> <span class='ocrx_word' id='word_1_68' title='bbox 809 962 910 1018; x_wconf 86' lang='lat' dir='ltr'><strong>tamen</strong></span> <span class='ocrx_word' id='word_1_69' title='bbox 937 963 971 1017; x_wconf 91' lang='lat' dir='ltr'><strong>nt</strong></span> <span class='ocrx_word' id='word_1_70' title='bbox 999 960 1046 1018; x_wconf 93' lang='lat' dir='ltr'><strong>illi</strong></span> <span class='ocrx_word' id='word_1_71' title='bbox 1075 961 1149 1019; x_wconf 80' lang='lat' dir='ltr'><strong>artis</strong></span> 
     </span>
     <span class='ocr_line' id='line_1_10' title="bbox 132 1047 1148 1125; baseline -0.002 -18"><span class='ocrx_word' id='word_1_72' title='bbox 132 1049 211 1109; x_wconf 90' lang='lat' dir='ltr'><strong>ratio</strong></span> <span class='ocrx_word' id='word_1_73' title='bbox 229 1067 289 1108; x_wconf 94' lang='lat' dir='ltr'><strong>non</strong></span> <span class='ocrx_word' id='word_1_74' title='bbox 307 1049 429 1108; x_wconf 78' lang='lat' dir='ltr'><strong>accedat</strong></span> <span class='ocrx_word' id='word_1_75' title='bbox 448 1047 499 1107; x_wconf 89' lang='lat' dir='ltr'><strong>sed</strong></span> <span class='ocrx_word' id='word_1_76' title='bbox 517 1048 680 1125; x_wconf 85' lang='lat' dir='ltr'><strong>indulgeat.</strong></span> <span class='ocrx_word' id='word_1_77' title='bbox 712 1066 783 1105; x_wconf 85' lang='lat' dir='ltr'><strong>nem</strong></span> <span class='ocrx_word' id='word_1_78' title='bbox 803 1067 837 1105; x_wconf 88' lang='lat' dir='ltr'><strong>ea</strong></span> <span class='ocrx_word' id='word_1_79' title='bbox 856 1048 988 1107; x_wconf 89' lang='lat' dir='ltr'><strong>emedio</strong></span> <span class='ocrx_word' id='word_1_80' title='bbox 1007 1048 1148 1124; x_wconf 90' lang='lat' dir='ltr'><strong>loquendi</strong></span> 
     </span>
     <span class='ocr_line' id='line_1_11' title="bbox 121 1137 1151 1215; baseline 0.001 -20"><span class='ocrx_word' id='word_1_81' title='bbox 121 1156 189 1197; x_wconf 34' lang='lat' dir='ltr'><strong>*usu</strong></span> <span class='ocrx_word' id='word_1_82' title='bbox 225 1139 338 1214; x_wconf 87' lang='lat' dir='ltr'><strong>placita</strong></span> <span class='ocrx_word' id='word_1_83' title='bbox 375 1137 530 1196; x_wconf 81' lang='lat' dir='ltr'><strong>adsumere</strong></span> <span class='ocrx_word' id='word_1_84' title='bbox 567 1139 727 1196; x_wconf 84' lang='lat' dir='ltr'><strong>consuevit.</strong></span> <span class='ocrx_word' id='word_1_85' title='bbox 781 1137 944 1196; x_wconf 86' lang='lat' dir='ltr'><strong>auctoritas</strong></span> <span class='ocrx_word' id='word_1_86' title='bbox 979 1138 1011 1195; x_wconf 92' lang='lat' dir='ltr'><strong>in</strong></span> <span class='ocrx_word' id='word_1_87' title='bbox 1043 1138 1151 1215; x_wconf 84' lang='lat' dir='ltr'><strong>regula</strong></span> 
     </span>
     <span class='ocr_line' id='line_1_12' title="bbox 94 1226 1149 1302; baseline 0.006 -23"><span class='ocrx_word' id='word_1_88' title='bbox 94 1238 120 1279; x_wconf 78' lang='lat' dir='ltr'><strong>rs</strong></span> <span class='ocrx_word' id='word_1_89' title='bbox 133 1227 275 1302; x_wconf 90' lang='lat' dir='ltr'><strong>loquendi</strong></span> <span class='ocrx_word' id='word_1_90' title='bbox 296 1226 460 1286; x_wconf 85' lang='lat' dir='ltr'><strong>novissima</strong></span> <span class='ocrx_word' id='word_1_91' title='bbox 479 1228 531 1286; x_wconf 86' lang='lat' dir='ltr'><strong>est.</strong></span> <span class='ocrx_word' id='word_1_92' title='bbox 570 1245 695 1300; x_wconf 87' lang='lat' dir='ltr'><strong>namque</strong></span> <span class='ocrx_word' id='word_1_93' title='bbox 719 1226 770 1283; x_wconf 91' lang='lat' dir='ltr'><strong>ubi</strong></span> <span class='ocrx_word' id='word_1_94' title='bbox 794 1229 894 1284; x_wconf 88' lang='lat' dir='ltr'><strong>omnia</strong></span> <span class='ocrx_word' id='word_1_95' title='bbox 913 1226 1083 1302; x_wconf 86' lang='lat' dir='ltr'><strong>defecerint,</strong></span> <span class='ocrx_word' id='word_1_96' title='bbox 1106 1229 1149 1286; x_wconf 90' lang='lat' dir='ltr'><strong>sic</strong></span> 
     </span>
     <span class='ocr_line' id='line_1_13' title="bbox 133 1314 1149 1391; baseline 0 -18"><span class='ocrx_word' id='word_1_97' title='bbox 133 1316 172 1374; x_wconf 87' lang='lat' dir='ltr'><strong>ud</strong></span> <span class='ocrx_word' id='word_1_98' title='bbox 198 1316 283 1375; x_wconf 86' lang='lat' dir='ltr'><strong>illam</strong></span> <span class='ocrx_word' id='word_1_99' title='bbox 310 1335 398 1391; x_wconf 90' lang='lat' dir='ltr'><strong>quem</strong></span> <span class='ocrx_word' id='word_1_100' title='bbox 426 1314 464 1373; x_wconf 89' lang='lat' dir='ltr'><strong>ad</strong></span> <span class='ocrx_word' id='word_1_101' title='bbox 491 1315 612 1373; x_wconf 92' lang='lat' dir='ltr'><strong>modum</strong></span> <span class='ocrx_word' id='word_1_102' title='bbox 641 1314 679 1372; x_wconf 88' lang='lat' dir='ltr'><strong>ad</strong></span> <span class='ocrx_word' id='word_1_103' title='bbox 706 1333 845 1372; x_wconf 89' lang='lat' dir='ltr'><strong>ancoram</strong></span> <span class='ocrx_word' id='word_1_104' title='bbox 873 1314 1047 1373; x_wconf 82' lang='lat' dir='ltr'><strong>decmritur.</strong></span> <span class='ocrx_word' id='word_1_105' title='bbox 1090 1335 1149 1374; x_wconf 92' lang='lat' dir='ltr'><strong>non</strong></span> 
     </span>
     <span class='ocr_line' id='line_1_14' title="bbox 133 1404 1150 1480; baseline 0.001 -18"><span class='ocrx_word' id='word_1_106' title='bbox 133 1404 212 1463; x_wconf 88' lang='lat' dir='ltr'><strong>enim</strong></span> <span class='ocrx_word' id='word_1_107' title='bbox 231 1406 390 1480; x_wconf 88' lang='lat' dir='ltr'><strong>quicquam</strong></span> <span class='ocrx_word' id='word_1_108' title='bbox 414 1406 466 1462; x_wconf 88' lang='lat' dir='ltr'><strong>aut</strong></span> <span class='ocrx_word' id='word_1_109' title='bbox 488 1405 614 1462; x_wconf 87' lang='lat' dir='ltr'><strong>rationis</strong></span> <span class='ocrx_word' id='word_1_110' title='bbox 634 1407 686 1462; x_wconf 90' lang='lat' dir='ltr'><strong>aut</strong></span> <span class='ocrx_word' id='word_1_111' title='bbox 704 1406 829 1462; x_wconf 87' lang='lat' dir='ltr'><strong>naturae</strong></span> <span class='ocrx_word' id='word_1_112' title='bbox 854 1407 908 1462; x_wconf 91' lang='lat' dir='ltr'><strong>aut</strong></span> <span class='ocrx_word' id='word_1_113' title='bbox 926 1405 1150 1463; x_wconf 85' lang='lat' dir='ltr'><strong>consuetudinis</strong></span> 
     </span>
     <span class='ocr_line' id='line_1_15' title="bbox 133 1492 1150 1568; baseline 0.001 -17"><span class='ocrx_word' id='word_1_114' title='bbox 133 1493 233 1567; x_wconf 83' lang='lat' dir='ltr'><strong>habet,</strong></span> <span class='ocrx_word' id='word_1_115' title='bbox 256 1512 323 1551; x_wconf 92' lang='lat' dir='ltr'><strong>cum</strong></span> <span class='ocrx_word' id='word_1_116' title='bbox 345 1495 464 1552; x_wconf 89' lang='lat' dir='ltr'><strong>tantum</strong></span> <span class='ocrx_word' id='word_1_117' title='bbox 488 1494 627 1568; x_wconf 91' lang='lat' dir='ltr'><strong>opinione</strong></span> <span class='ocrx_word' id='word_1_118' title='bbox 651 1492 811 1550; x_wconf 87' lang='lat' dir='ltr'><strong>secundum</strong></span> <span class='ocrx_word' id='word_1_119' title='bbox 834 1495 968 1551; x_wconf 87' lang='lat' dir='ltr'><strong>veterum</strong></span> <span class='ocrx_word' id='word_1_120' title='bbox 992 1494 1150 1552; x_wconf 87' lang='lat' dir='ltr'><strong>lectionem</strong></span> 
     </span>
     <span class='ocr_line' id='line_1_16' title="bbox 133 1582 1150 1658; baseline 0 -18"><span class='ocrx_word' id='word_1_121' title='bbox 133 1584 253 1658; x_wconf 86' lang='lat' dir='ltr'><strong>recepta</strong></span> <span class='ocrx_word' id='word_1_122' title='bbox 281 1584 322 1640; x_wconf 90' lang='lat' dir='ltr'><strong>sit</strong></span> <span class='ocrx_word' id='word_1_123' title='bbox 347 1600 402 1640; x_wconf 88' lang='lat' dir='ltr'><strong>nec</strong></span> <span class='ocrx_word' id='word_1_124' title='bbox 428 1584 562 1657; x_wconf 88' lang='lat' dir='ltr'><strong>ipsorum</strong></span> <span class='ocrx_word' id='word_1_125' title='bbox 588 1585 702 1656; x_wconf 84' lang='lat' dir='ltr'><strong>tamen,</strong></span> <span class='ocrx_word' id='word_1_126' title='bbox 734 1583 761 1639; x_wconf 89' lang='lat' dir='ltr'><strong>si</strong></span> <span class='ocrx_word' id='word_1_127' title='bbox 788 1582 1010 1658; x_wconf 86' lang='lat' dir='ltr'><strong>interrogentur</strong></span> <span class='ocrx_word' id='word_1_128' title='bbox 1038 1602 1091 1641; x_wconf 90' lang='lat' dir='ltr'><strong>cur</strong></span> <span class='ocrx_word' id='word_1_129' title='bbox 1117 1583 1150 1640; x_wconf 93' lang='lat' dir='ltr'><strong>id</strong></span> 
     </span>
     <span class='ocr_line' id='line_1_17' title="bbox 94 1672 518 1746; baseline -0.002 -17"><span class='ocrx_word' id='word_1_130' title='bbox 94 1683 121 1722; x_wconf 63' lang='grc' dir='ltr'><strong>ὀ</strong></span> <span class='ocrx_word' id='word_1_131' title='bbox 134 1673 229 1730; x_wconf 88' lang='lat' dir='ltr'><strong>secuti</strong></span> <span class='ocrx_word' id='word_1_132' title='bbox 252 1673 330 1746; x_wconf 87' lang='lat' dir='ltr'><strong>sunt,</strong></span> <span class='ocrx_word' id='word_1_133' title='bbox 354 1672 518 1730; x_wconf 88' lang='lat' dir='ltr'><strong>scientium.</strong></span> 
     </span>
    </p>
   </div>
   <div class='ocr_carea' id='block_1_3' title="bbox 205 1775 1153 1864">
    <p class='ocr_par' dir='ltr' id='par_1_3' title="bbox 205 1775 1153 1864">
     <span class='ocr_line' id='line_1_18' title="bbox 205 1775 1153 1864; baseline 0 -15"><span class='ocrx_word' id='word_1_134' title='bbox 205 1797 297 1850; x_wconf 87' lang='lat' dir='ltr'><strong>Diom.</strong></span> <span class='ocrx_word' id='word_1_135' title='bbox 314 1799 470 1864; x_wconf 76' lang='lat' dir='ltr'><strong>p.c39,15</strong></span> <span class='ocrx_word' id='word_1_136' title='bbox 487 1775 588 1849; x_wconf 74' lang='lat' dir='ltr'><strong>larinum</strong></span> <span class='ocrx_word' id='word_1_137' title='bbox 600 1827 627 1834; x_wconf 90' lang='lat'>-</span> <span class='ocrx_word' id='word_1_138' title='bbox 640 1809 762 1849; x_wconf 73' lang='lat' dir='ltr'><strong>serendum.</strong></span> <span class='ocrx_word' id='word_1_139' title='bbox 783 1796 862 1850; x_wconf 74' lang='lat' dir='ltr'><strong>can.</strong></span> <span class='ocrx_word' id='word_1_140' title='bbox 879 1812 908 1863; x_wconf 75' lang='lat' dir='ltr'><strong>p.</strong></span> <span class='ocrx_word' id='word_1_141' title='bbox 925 1799 969 1862; x_wconf 82' lang='lat'><strong>50,</strong></span> <span class='ocrx_word' id='word_1_142' title='bbox 983 1801 1020 1850; x_wconf 82' lang='lat'><strong>25</strong></span> <span class='ocrx_word' id='word_1_143' title='bbox 1039 1798 1153 1850; x_wconf 88' lang='lat' dir='ltr'><strong>constat</strong></span> 
     </span>
    </p>
   </div>
   <div class='ocr_carea' id='block_1_4' title="bbox 131 1865 1155 3073">
    <p class='ocr_par' dir='ltr' id='par_1_4' title="bbox 131 1865 1155 3073">
     <span class='ocr_line' id='line_1_19' title="bbox 135 1865 1149 1936; baseline 0.001 -16"><span class='ocrx_word' id='word_1_144' title='bbox 135 1883 201 1936; x_wconf 84' lang='lat' dir='ltr'><strong>ergo</strong></span> <span class='ocrx_word' id='word_1_145' title='bbox 224 1866 342 1920; x_wconf 88' lang='lat' dir='ltr'><strong>Latinus</strong></span> <span class='ocrx_word' id='word_1_146' title='bbox 365 1883 455 1920; x_wconf 85' lang='lat' dir='ltr'><strong>sermo</strong></span> <span class='ocrx_word' id='word_1_147' title='bbox 469 1868 579 1919; x_wconf 82' lang='lat' dir='ltr'><strong>natura</strong></span> <span class='ocrx_word' id='word_1_148' title='bbox 598 1865 731 1934; x_wconf 83' lang='lat' dir='ltr'><strong>analogia</strong></span> <span class='ocrx_word' id='word_1_149' title='bbox 750 1866 951 1920; x_wconf 87' lang='lat' dir='ltr'><strong>consuetudine</strong></span> <span class='ocrx_word' id='word_1_150' title='bbox 973 1868 1149 1922; x_wconf 86' lang='lat' dir='ltr'><strong>auctoritate.</strong></span> 
     </span>
     <span class='ocr_line' id='line_1_20' title="bbox 133 1939 1151 2007; baseline -0.001 -15"><span class='ocrx_word' id='word_1_151' title='bbox 133 1955 215 1992; x_wconf 80' lang='lat' dir='ltr'><strong>natura</strong></span> <span class='ocrx_word' id='word_1_152' title='bbox 228 1953 347 1992; x_wconf 85' lang='lat' dir='ltr'><strong>verborum</strong></span> <span class='ocrx_word' id='word_1_153' title='bbox 360 1953 520 2000; x_wconf 86' lang='lat' dir='ltr'><strong>nominumque</strong></span> <span class='ocrx_word' id='word_1_154' title='bbox 538 1952 678 1992; x_wconf 84' lang='lat' dir='ltr'><strong>inmutabilis</strong></span> <span class='ocrx_word' id='word_1_155' title='bbox 691 1956 724 1991; x_wconf 77' lang='lat' dir='ltr'><strong>est</strong></span> <span class='ocrx_word' id='word_1_156' title='bbox 740 1968 773 1976; x_wconf 92' lang='lat'><em>-</em></span> <span class='ocrx_word' id='word_1_157' title='bbox 791 1953 898 1991; x_wconf 85' lang='lat' dir='ltr'><strong>sermonis</strong></span> <span class='ocrx_word' id='word_1_158' title='bbox 917 1963 930 1990; x_wconf 84' lang='lat' dir='ltr'><strong>a</strong></span> <span class='ocrx_word' id='word_1_159' title='bbox 944 1955 1025 1992; x_wconf 80' lang='lat' dir='ltr'><strong>natura</strong></span> <span class='ocrx_word' id='word_1_160' title='bbox 1043 1939 1151 2007; x_wconf 69' lang='lat' dir='ltr'><strong>proditi</strong></span> 
     </span>
     <span class='ocr_line' id='line_1_21' title="bbox 135 2009 1151 2072; baseline 0.002 -10"><span class='ocrx_word' id='word_1_161' title='bbox 135 2009 275 2063; x_wconf 67' lang='lat' dir='ltr'><strong>ordinatio</strong></span> <span class='ocrx_word' id='word_1_162' title='bbox 295 2011 338 2063; x_wconf 62' lang='lat' dir='ltr'><strong>esi</strong></span> <span class='ocrx_word' id='word_1_163' title='bbox 355 2034 427 2071; x_wconf 84' lang='lat' dir='ltr'><strong>neque</strong></span> <span class='ocrx_word' id='word_1_164' title='bbox 442 2024 507 2063; x_wconf 83' lang='lat' dir='ltr'><strong>aliter</strong></span> <span class='ocrx_word' id='word_1_165' title='bbox 525 2040 558 2048; x_wconf 92' lang='lat'><em>-</em></span> <span class='ocrx_word' id='word_1_166' title='bbox 577 2023 715 2062; x_wconf 81' lang='lat' dir='ltr'><strong>consuetudo</strong></span> <span class='ocrx_word' id='word_1_167' title='bbox 733 2025 788 2062; x_wconf 84' lang='lat' dir='ltr'><strong>non</strong></span> <span class='ocrx_word' id='word_1_168' title='bbox 808 2011 867 2062; x_wconf 66' lang='lat' dir='ltr'><strong>arie</strong></span> <span class='ocrx_word' id='word_1_169' title='bbox 887 2024 1004 2072; x_wconf 77' lang='lat' dir='ltr'><strong>analogiae</strong></span> <span class='ocrx_word' id='word_1_170' title='bbox 1024 2042 1057 2050; x_wconf 89' lang='lat'><em>-</em></span> <span class='ocrx_word' id='word_1_171' title='bbox 1077 2028 1103 2064; x_wconf 84' lang='lat' dir='ltr'><strong>ut</strong></span> <span class='ocrx_word' id='word_1_172' title='bbox 1116 2025 1151 2064; x_wconf 82' lang='lat' dir='ltr'><strong>illi</strong></span> 
     </span>
     <span class='ocr_line' id='line_1_22' title="bbox 135 2080 1151 2144; baseline 0 -10"><span class='ocrx_word' id='word_1_173' title='bbox 135 2080 203 2134; x_wconf 67' lang='lat' dir='ltr'><strong>ardis</strong></span> <span class='ocrx_word' id='word_1_174' title='bbox 217 2095 275 2134; x_wconf 83' lang='lat' dir='ltr'><strong>ratio</strong></span> <span class='ocrx_word' id='word_1_175' title='bbox 289 2112 324 2119; x_wconf 92' lang='lat'>—</span> <span class='ocrx_word' id='word_1_176' title='bbox 337 2094 458 2144; x_wconf 78' lang='lat' dir='ltr'><strong>indulgeat.</strong></span> <span class='ocrx_word' id='word_1_177' title='bbox 478 2095 598 2134; x_wconf 83' lang='lat' dir='ltr'><strong>auctoritas</strong></span> <span class='ocrx_word' id='word_1_178' title='bbox 611 2095 636 2133; x_wconf 88' lang='lat' dir='ltr'><strong>ln</strong></span> <span class='ocrx_word' id='word_1_179' title='bbox 648 2095 726 2143; x_wconf 73' lang='lat' dir='ltr'><strong>regula</strong></span> <span class='ocrx_word' id='word_1_180' title='bbox 741 2111 773 2119; x_wconf 94' lang='lat'>—</span> <span class='ocrx_word' id='word_1_181' title='bbox 789 2104 855 2141; x_wconf 84' lang='lat' dir='ltr'><strong>quem</strong></span> <span class='ocrx_word' id='word_1_182' title='bbox 869 2095 899 2132; x_wconf 84' lang='lat' dir='ltr'><strong>ad</strong></span> <span class='ocrx_word' id='word_1_183' title='bbox 911 2094 1003 2134; x_wconf 89' lang='lat' dir='ltr'><strong>modum</strong></span> <span class='ocrx_word' id='word_1_184' title='bbox 1022 2082 1057 2133; x_wconf 79' lang='lat' dir='ltr'><strong>ad</strong></span> <span class='ocrx_word' id='word_1_185' title='bbox 1073 2099 1151 2134; x_wconf 72' lang='lat' dir='ltr'><strong>aram</strong></span> 
     </span>
     <span class='ocr_line' id='line_1_23' title="bbox 136 2148 1153 2221; baseline 0.002 -17"><span class='ocrx_word' id='word_1_186' title='bbox 136 2168 243 2204; x_wconf 85' lang='lat' dir='ltr'><strong>sacram</strong></span> <span class='ocrx_word' id='word_1_187' title='bbox 266 2166 391 2205; x_wconf 62' lang='lat' dir='ltr'><strong>coematur</strong></span> <span class='ocrx_word' id='word_1_188' title='bbox 410 2183 443 2191; x_wconf 96' lang='lat'><em>-</em></span> <span class='ocrx_word' id='word_1_189' title='bbox 462 2166 541 2215; x_wconf 64' lang='lat' dir='ltr'><strong>niuea</strong></span> <span class='ocrx_word' id='word_1_190' title='bbox 571 2152 684 2203; x_wconf 86' lang='lat' dir='ltr'><strong>tantum</strong></span> <span class='ocrx_word' id='word_1_191' title='bbox 709 2148 841 2219; x_wconf 85' lang='lat' dir='ltr'><strong>opinione</strong></span> <span class='ocrx_word' id='word_1_192' title='bbox 868 2153 1011 2204; x_wconf 84' lang='lat' dir='ltr'><strong>oratorum</strong></span> <span class='ocrx_word' id='word_1_193' title='bbox 1036 2155 1153 2221; x_wconf 85' lang='lat' dir='ltr'><strong>recepta</strong></span> 
     </span>
     <span class='ocr_line' id='line_1_24' title="bbox 136 2221 1154 2293; baseline 0.001 -17"><span class='ocrx_word' id='word_1_194' title='bbox 136 2225 192 2288; x_wconf 86' lang='lat' dir='ltr'><strong>est,</strong></span> <span class='ocrx_word' id='word_1_195' title='bbox 220 2222 270 2291; x_wconf 91' lang='lat' dir='ltr'><strong>qui</strong></span> <span class='ocrx_word' id='word_1_196' title='bbox 296 2225 325 2276; x_wconf 93' lang='lat' dir='ltr'><strong>et</strong></span> <span class='ocrx_word' id='word_1_197' title='bbox 350 2222 405 2290; x_wconf 86' lang='lat' dir='ltr'><strong>ipsi</strong></span> <span class='ocrx_word' id='word_1_198' title='bbox 431 2239 480 2276; x_wconf 91' lang='lat' dir='ltr'><strong>cur</strong></span> <span class='ocrx_word' id='word_1_199' title='bbox 505 2223 534 2275; x_wconf 92' lang='lat' dir='ltr'><strong>id</strong></span> <span class='ocrx_word' id='word_1_200' title='bbox 561 2222 650 2276; x_wconf 85' lang='lat' dir='ltr'><strong>secuti</strong></span> <span class='ocrx_word' id='word_1_201' title='bbox 673 2224 767 2276; x_wconf 85' lang='lat' dir='ltr'><strong>essent</strong></span> <span class='ocrx_word' id='word_1_202' title='bbox 790 2221 814 2274; x_wconf 84' lang='lat' dir='ltr'><strong>si</strong></span> <span class='ocrx_word' id='word_1_203' title='bbox 837 2221 957 2275; x_wconf 83' lang='lat' dir='ltr'><strong>fuissent</strong></span> <span class='ocrx_word' id='word_1_204' title='bbox 975 2223 1154 2293; x_wconf 81' lang='lat' dir='ltr'><strong>interrogati,</strong></span> 
     </span>
     <span class='ocr_line' id='line_1_25' title="bbox 134 2293 1151 2364; baseline 0.001 -18"><span class='ocrx_word' id='word_1_205' title='bbox 134 2293 242 2349; x_wconf 86' lang='lat' dir='ltr'><strong>nescire</strong></span> <span class='ocrx_word' id='word_1_206' title='bbox 261 2293 464 2346; x_wconf 87' lang='lat' dir='ltr'><strong>confiterentur.</strong></span> <span class='ocrx_word' id='word_1_207' title='bbox 495 2293 588 2364; x_wconf 75' lang='lat' dir='ltr'><strong>Quint.</strong></span> <span class='ocrx_word' id='word_1_208' title='bbox 608 2298 633 2359; x_wconf 87' lang='lat'><strong>1,</strong></span> <span class='ocrx_word' id='word_1_209' title='bbox 649 2297 674 2359; x_wconf 85' lang='lat'><strong>6,</strong></span> <span class='ocrx_word' id='word_1_210' title='bbox 690 2299 705 2346; x_wconf 86' lang='lat'><strong><em>1</em></strong></span> <span class='ocrx_word' id='word_1_211' title='bbox 720 2309 809 2346; x_wconf 84' lang='lat' dir='ltr'><strong>sermo</strong></span> <span class='ocrx_word' id='word_1_212' title='bbox 824 2294 935 2346; x_wconf 86' lang='lat' dir='ltr'><strong>constat</strong></span> <span class='ocrx_word' id='word_1_213' title='bbox 948 2295 1058 2347; x_wconf 89' lang='lat' dir='ltr'><strong>ratione</strong></span> <span class='ocrx_word' id='word_1_214' title='bbox 1072 2298 1120 2348; x_wconf 83' lang='lat' dir='ltr'><strong>vet</strong></span> <span class='ocrx_word' id='word_1_215' title='bbox 1141 2326 1151 2334; x_wconf 94' lang='lat'>-</span> 
     </span>
     <span class='ocr_line' id='line_1_26' title="bbox 136 2364 1152 2434; baseline -0.001 -16"><span class='ocrx_word' id='word_1_216' title='bbox 136 2367 209 2419; x_wconf 85' lang='lat' dir='ltr'><strong>atate</strong></span> <span class='ocrx_word' id='word_1_217' title='bbox 229 2364 397 2417; x_wconf 85' lang='lat' dir='ltr'><strong>auctoritate</strong></span> <span class='ocrx_word' id='word_1_218' title='bbox 416 2364 626 2419; x_wconf 85' lang='lat' dir='ltr'><strong>consuetudine.</strong></span> <span class='ocrx_word' id='word_1_219' title='bbox 652 2365 686 2430; x_wconf 82' lang='lat' dir='ltr'><strong>cf.</strong></span> <span class='ocrx_word' id='word_1_220' title='bbox 708 2368 733 2430; x_wconf 86' lang='lat'><strong>9,</strong></span> <span class='ocrx_word' id='word_1_221' title='bbox 748 2368 774 2431; x_wconf 85' lang='lat'><strong>3,</strong></span> <span class='ocrx_word' id='word_1_222' title='bbox 789 2369 812 2417; x_wconf 89' lang='lat'><strong>3.</strong></span> <span class='ocrx_word' id='word_1_223' title='bbox 839 2364 937 2418; x_wconf 82' lang='lat' dir='ltr'><strong>Victor.</strong></span> <span class='ocrx_word' id='word_1_224' title='bbox 949 2383 979 2434; x_wconf 76' lang='lat' dir='ltr'><strong>p.</strong></span> <span class='ocrx_word' id='word_1_225' title='bbox 995 2370 1092 2430; x_wconf 79' lang='lat'><em>189‚2</em></span> <span class='ocrx_word' id='word_1_226' title='bbox 1110 2365 1152 2418; x_wconf 91' lang='lat' dir='ltr'><strong>la-</strong></span> 
     </span>
     <span class='ocr_line' id='line_1_27' title="bbox 135 2434 1151 2503; baseline 0 -14"><span class='ocrx_word' id='word_1_227' title='bbox 135 2436 234 2489; x_wconf 86' lang='lat' dir='ltr'><strong>tinitas</strong></span> <span class='ocrx_word' id='word_1_228' title='bbox 253 2435 321 2503; x_wconf 92' lang='lat' dir='ltr'><strong>quid</strong></span> <span class='ocrx_word' id='word_1_229' title='bbox 341 2437 401 2489; x_wconf 81' lang='lat' dir='ltr'><strong>est?</strong></span> <span class='ocrx_word' id='word_1_230' title='bbox 421 2434 577 2489; x_wconf 86' lang='lat' dir='ltr'><strong>observatio</strong></span> <span class='ocrx_word' id='word_1_231' title='bbox 596 2434 757 2503; x_wconf 85' lang='lat' dir='ltr'><strong>incorrupte</strong></span> <span class='ocrx_word' id='word_1_232' title='bbox 776 2434 909 2502; x_wconf 90' lang='lat' dir='ltr'><strong>loquendi</strong></span> <span class='ocrx_word' id='word_1_233' title='bbox 929 2437 1082 2489; x_wconf 87' lang='lat' dir='ltr'><strong>secundum</strong></span> <span class='ocrx_word' id='word_1_234' title='bbox 1097 2437 1151 2490; x_wconf 93' lang='lat' dir='ltr'><strong>Ro-</strong></span> 
     </span>
     <span class='ocr_line' id='line_1_28' title="bbox 135 2505 1153 2575; baseline 0.002 -16"><span class='ocrx_word' id='word_1_235' title='bbox 135 2522 248 2560; x_wconf 86' lang='lat' dir='ltr'><strong>manam</strong></span> <span class='ocrx_word' id='word_1_236' title='bbox 266 2506 402 2575; x_wconf 84' lang='lat' dir='ltr'><strong>linguam.</strong></span> <span class='ocrx_word' id='word_1_237' title='bbox 422 2508 491 2574; x_wconf 89' lang='lat' dir='ltr'><strong>quot</strong></span> <span class='ocrx_word' id='word_1_238' title='bbox 509 2506 600 2560; x_wconf 90' lang='lat' dir='ltr'><strong>modis</strong></span> <span class='ocrx_word' id='word_1_239' title='bbox 619 2508 728 2560; x_wconf 83' lang='lat' dir='ltr'><strong>constat</strong></span> <span class='ocrx_word' id='word_1_240' title='bbox 747 2505 893 2560; x_wconf 84' lang='lat' dir='ltr'><strong>latinitas?</strong></span> <span class='ocrx_word' id='word_1_241' title='bbox 911 2506 1011 2561; x_wconf 88' lang='lat' dir='ltr'><strong>tribus.</strong></span> <span class='ocrx_word' id='word_1_242' title='bbox 1031 2507 1153 2574; x_wconf 77' lang='lat' dir='ltr'><strong>quibus?</strong></span> 
     </span>
     <span class='ocr_line' id='line_1_29' title="bbox 135 2577 1153 2646; baseline 0.002 -16"><span class='ocrx_word' id='word_1_243' title='bbox 135 2578 246 2631; x_wconf 87' lang='lat' dir='ltr'><strong>ratione</strong></span> <span class='ocrx_word' id='word_1_244' title='bbox 265 2578 432 2632; x_wconf 86' lang='lat' dir='ltr'><strong>auctoritate</strong></span> <span class='ocrx_word' id='word_1_245' title='bbox 452 2577 661 2632; x_wconf 87' lang='lat' dir='ltr'><strong>consuetudine.</strong></span> <span class='ocrx_word' id='word_1_246' title='bbox 694 2578 729 2644; x_wconf 82' lang='lat' dir='ltr'><strong>cf.</strong></span> <span class='ocrx_word' id='word_1_247' title='bbox 749 2578 830 2632; x_wconf 80' lang='lat' dir='ltr'><strong>Prob.</strong></span> <span class='ocrx_word' id='word_1_248' title='bbox 851 2581 914 2632; x_wconf 80' lang='lat' dir='ltr'><strong>inei.</strong></span> <span class='ocrx_word' id='word_1_249' title='bbox 934 2585 986 2632; x_wconf 83' lang='lat' dir='ltr'><strong>ort.</strong></span> <span class='ocrx_word' id='word_1_250' title='bbox 1001 2583 1153 2646; x_wconf 73' lang='lat' dir='ltr'><strong>p.47,19.</strong></span> 
     </span>
     <span class='ocr_line' id='line_1_30' title="bbox 136 2650 1151 2719; baseline 0.002 -16"><span class='ocrx_word' id='word_1_251' title='bbox 136 2651 252 2719; x_wconf 64' lang='lat' dir='ltr'><strong>Ancaei.</strong></span> <span class='ocrx_word' id='word_1_252' title='bbox 277 2666 323 2703; x_wconf 84' lang='lat' dir='ltr'><strong>ors</strong></span> <span class='ocrx_word' id='word_1_253' title='bbox 341 2667 371 2718; x_wconf 77' lang='lat' dir='ltr'><strong>p.</strong></span> <span class='ocrx_word' id='word_1_254' title='bbox 396 2653 462 2716; x_wconf 87' lang='grc'><strong><em>494,</em></strong></span> <span class='ocrx_word' id='word_1_255' title='bbox 482 2653 506 2703; x_wconf 90' lang='lat'><strong>3.</strong></span> <span class='ocrx_word' id='word_1_256' title='bbox 553 2650 659 2703; x_wconf 74' lang='lat' dir='ltr'><strong>Audon</strong></span> <span class='ocrx_word' id='word_1_257' title='bbox 681 2665 736 2703; x_wconf 80' lang='lat' dir='ltr'><strong>exc.</strong></span> <span class='ocrx_word' id='word_1_258' title='bbox 756 2666 786 2717; x_wconf 76' lang='lat' dir='ltr'><strong>p.</strong></span> <span class='ocrx_word' id='word_1_259' title='bbox 807 2653 874 2715; x_wconf 77' lang='lat'><strong><em>322,</em></strong></span> <span class='ocrx_word' id='word_1_260' title='bbox 893 2654 938 2703; x_wconf 85' lang='lat'><strong>21.</strong></span> <span class='ocrx_word' id='word_1_261' title='bbox 984 2652 1087 2704; x_wconf 80' lang='lat' dir='ltr'><strong>Aaccd.</strong></span> <span class='ocrx_word' id='word_1_262' title='bbox 1112 2651 1151 2704; x_wconf 89' lang='grc' dir='ltr'><strong>Η.</strong></span> 
     </span>
     <span class='ocr_line' id='line_1_31' title="bbox 131 2720 1155 2790; baseline 0.003 -18"><span class='ocrx_word' id='word_1_263' title='bbox 131 2737 161 2790; x_wconf 75' lang='lat' dir='ltr'><strong>p.</strong></span> <span class='ocrx_word' id='word_1_264' title='bbox 182 2720 327 2774; x_wconf 87' lang='lat' dir='ltr'><strong>XXXIV.</strong></span> <span class='ocrx_word' id='word_1_265' title='bbox 364 2722 397 2775; x_wconf 83' lang='lat' dir='ltr'><strong>dc</strong></span> <span class='ocrx_word' id='word_1_266' title='bbox 414 2737 475 2775; x_wconf 86' lang='lat' dir='ltr'><strong>cccc</strong></span> <span class='ocrx_word' id='word_1_267' title='bbox 496 2721 635 2775; x_wconf 79' lang='lat' dir='ltr'><strong>‘uetustas&#39;</strong></span> <span class='ocrx_word' id='word_1_268' title='bbox 652 2737 705 2787; x_wconf 79' lang='lat' dir='ltr'><strong>pro</strong></span> <span class='ocrx_word' id='word_1_269' title='bbox 729 2720 854 2774; x_wconf 79' lang='lat' dir='ltr'><strong>‘natura&#39;</strong></span> <span class='ocrx_word' id='word_1_270' title='bbox 881 2721 957 2789; x_wconf 75' lang='lat' dir='ltr'><strong>opud</strong></span> <span class='ocrx_word' id='word_1_271' title='bbox 978 2720 1070 2789; x_wconf 74' lang='lat' dir='ltr'><strong>Quint.</strong></span> <span class='ocrx_word' id='word_1_272' title='bbox 1110 2724 1155 2790; x_wconf 76' lang='lat' dir='ltr'><strong>(ea</strong></span> 
     </span>
     <span class='ocr_line' id='line_1_32' title="bbox 137 2790 1155 2862; baseline 0.003 -18"><span class='ocrx_word' id='word_1_273' title='bbox 137 2790 332 2862; x_wconf 80' lang='lat' dir='ltr'><strong>Palaemoac?)</strong></span> <span class='ocrx_word' id='word_1_274' title='bbox 359 2799 495 2860; x_wconf 77' lang='lat' dir='ltr'><strong>usurpata</strong></span> <span class='ocrx_word' id='word_1_275' title='bbox 513 2793 596 2859; x_wconf 76' lang='lat' dir='ltr'><strong>deque</strong></span> <span class='ocrx_word' id='word_1_276' title='bbox 614 2793 719 2861; x_wconf 56' lang='lat' dir='ltr'><strong>triplici</strong></span> <span class='ocrx_word' id='word_1_277' title='bbox 734 2808 786 2858; x_wconf 75' lang='lat' dir='ltr'><strong>pro</strong></span> <span class='ocrx_word' id='word_1_278' title='bbox 805 2792 984 2861; x_wconf 54' lang='lat' dir='ltr'><strong>quadruplici</strong></span> <span class='ocrx_word' id='word_1_279' title='bbox 1001 2794 1155 2847; x_wconf 76' lang='lat' dir='ltr'><strong>latinitatis</strong></span> 
     </span>
     <span class='ocr_line' id='line_1_33' title="bbox 136 2863 1152 2933; baseline 0.001 -18"><span class='ocrx_word' id='word_1_280' title='bbox 136 2864 269 2916; x_wconf 77' lang='lat' dir='ltr'><strong>divisione</strong></span> <span class='ocrx_word' id='word_1_281' title='bbox 289 2864 365 2933; x_wconf 76' lang='lat' dir='ltr'><strong>apud</strong></span> <span class='ocrx_word' id='word_1_282' title='bbox 385 2864 545 2930; x_wconf 68' lang='lat' dir='ltr'><strong>courrieres</strong></span> <span class='ocrx_word' id='word_1_283' title='bbox 567 2865 757 2933; x_wconf 72' lang='lat' dir='ltr'><strong>yrammaticos</strong></span> <span class='ocrx_word' id='word_1_284' title='bbox 780 2865 814 2929; x_wconf 74' lang='lat' dir='ltr'><strong>cs.</strong></span> <span class='ocrx_word' id='word_1_285' title='bbox 841 2863 940 2917; x_wconf 76' lang='lat' dir='ltr'><strong>Ueraci</strong></span> <span class='ocrx_word' id='word_1_286' title='bbox 958 2863 1024 2916; x_wconf 83' lang='lat' dir='ltr'><strong>ibid.</strong></span> <span class='ocrx_word' id='word_1_287' title='bbox 1040 2882 1069 2933; x_wconf 81' lang='lat' dir='ltr'><strong>p.</strong></span> <span class='ocrx_word' id='word_1_288' title='bbox 1090 2868 1152 2919; x_wconf 78' lang='lat'><strong>624.</strong></span> 
     </span>
     <span class='ocr_line' id='line_1_34' title="bbox 136 2935 1155 3001; baseline 0.001 -14"><span class='ocrx_word' id='word_1_289' title='bbox 136 2935 206 2988; x_wconf 86' lang='lat' dir='ltr'><strong>libro</strong></span> <span class='ocrx_word' id='word_1_290' title='bbox 221 2935 240 2986; x_wconf 91' lang='grc' dir='ltr'><em>Ι</em></span> <span class='ocrx_word' id='word_1_291' title='bbox 256 2935 300 2986; x_wconf 89' lang='lat' dir='ltr'><strong>Dc</strong></span> <span class='ocrx_word' id='word_1_292' title='bbox 318 2951 395 2988; x_wconf 80' lang='lat' dir='ltr'><strong>eccm.</strong></span> <span class='ocrx_word' id='word_1_293' title='bbox 415 2935 449 2988; x_wconf 85' lang='lat' dir='ltr'><strong>L.</strong></span> <span class='ocrx_word' id='word_1_294' title='bbox 469 2936 567 2989; x_wconf 72' lang='lat' dir='ltr'><strong>tritaet</strong></span> <span class='ocrx_word' id='word_1_295' title='bbox 583 2935 739 2988; x_wconf 79' lang='lat' dir='ltr'><strong>Wilmaceas</strong></span> <span class='ocrx_word' id='word_1_296' title='bbox 754 2951 782 3001; x_wconf 77' lang='lat' dir='ltr'><strong>p.</strong></span> <span class='ocrx_word' id='word_1_297' title='bbox 800 2938 842 2987; x_wconf 86' lang='lat'><strong>79.</strong></span> <span class='ocrx_word' id='word_1_298' title='bbox 865 2938 926 3000; x_wconf 90' lang='grc'><strong><em>179,</em></strong></span> <span class='ocrx_word' id='word_1_299' title='bbox 953 2936 1033 2988; x_wconf 83' lang='lat' dir='ltr'><strong>aliter</strong></span> <span class='ocrx_word' id='word_1_300' title='bbox 1053 2936 1155 2990; x_wconf 74' lang='lat' dir='ltr'><strong>Usener·</strong></span> 
     </span>
     <span class='ocr_line' id='line_1_35' title="bbox 137 3005 402 3073; baseline 0 -15"><span class='ocrx_word' id='word_1_301' title='bbox 137 3005 203 3059; x_wconf 82' lang='lat' dir='ltr'><strong>ibid.</strong></span> <span class='ocrx_word' id='word_1_302' title='bbox 218 3022 247 3073; x_wconf 76' lang='lat' dir='ltr'><strong>p.</strong></span> <span class='ocrx_word' id='word_1_303' title='bbox 265 3009 326 3059; x_wconf 78' lang='grc'><strong><em>624.</em></strong></span> <span class='ocrx_word' id='word_1_304' title='bbox 342 3010 402 3059; x_wconf 86' lang='grc'><strong><em>641.</em></strong></span> 
     </span>
    </p>
   </div>
   <div class='ocr_carea' id='block_1_5' title="bbox 121 3137 1157 3616">
    <p class='ocr_par' dir='ltr' id='par_1_5' title="bbox 121 3137 1157 3616">
     <span class='ocr_line' id='line_1_36' title="bbox 210 3137 1155 3206; baseline 0.003 -17"><span class='ocrx_word' id='word_1_305' title='bbox 210 3143 225 3189; x_wconf 76' lang='lat'>2</span> <span class='ocrx_word' id='word_1_306' title='bbox 244 3137 288 3190; x_wconf 90' lang='lat' dir='ltr'><strong>his</strong></span> <span class='ocrx_word' id='word_1_307' title='bbox 307 3156 357 3193; x_wconf 85' lang='lat' dir='ltr'><strong>om.</strong></span> <span class='ocrx_word' id='word_1_308' title='bbox 378 3140 406 3192; x_wconf 91' lang='lat' dir='ltr'><em>B</em></span> <span class='ocrx_word' id='word_1_309' title='bbox 424 3165 458 3184; x_wconf 91' lang='lat'><em>=</em></span> <span class='ocrx_word' id='word_1_310' title='bbox 478 3140 569 3193; x_wconf 84' lang='lat' dir='ltr'><strong>Poris.</strong></span> <span class='ocrx_word' id='word_1_311' title='bbox 590 3142 670 3204; x_wconf 89' lang='grc'><strong><em>7493,</em></strong></span> <span class='ocrx_word' id='word_1_312' title='bbox 689 3138 825 3206; x_wconf 81' lang='lat' dir='ltr'><strong>M(oicoc.)</strong></span> <span class='ocrx_word' id='word_1_313' title='bbox 916 3142 933 3189; x_wconf 86' lang='lat'>4</span> <span class='ocrx_word' id='word_1_314' title='bbox 951 3139 1155 3206; x_wconf 87' lang='lat' dir='ltr'><strong>nominumque</strong></span> 
     </span>
     <span class='ocr_line' id='line_1_37' title="bbox 138 3209 1153 3278; baseline 0.002 -16"><span class='ocrx_word' id='word_1_315' title='bbox 138 3209 218 3263; x_wconf 77' lang='lat' dir='ltr'><strong>Oltcr.</strong></span> <span class='ocrx_word' id='word_1_316' title='bbox 243 3209 423 3278; x_wconf 89' lang='lat' dir='ltr'><strong>omniumque</strong></span> <span class='ocrx_word' id='word_1_317' title='bbox 449 3211 476 3263; x_wconf 98' lang='lat' dir='ltr'><strong><em>A</em></strong></span> <span class='ocrx_word' id='word_1_318' title='bbox 501 3237 534 3254; x_wconf 96' lang='lat'>=</span> <span class='ocrx_word' id='word_1_319' title='bbox 558 3210 649 3263; x_wconf 83' lang='lat' dir='ltr'><strong>Poris.</strong></span> <span class='ocrx_word' id='word_1_320' title='bbox 671 3212 750 3274; x_wconf 87' lang='grc'><strong><em>7494,</em></strong></span> <span class='ocrx_word' id='word_1_321' title='bbox 778 3209 815 3261; x_wconf 88' lang='lat' dir='ltr'><em>M</em></span> <span class='ocrx_word' id='word_1_322' title='bbox 838 3209 963 3263; x_wconf 90' lang='lat' dir='ltr'><strong>omnium</strong></span> <span class='ocrx_word' id='word_1_323' title='bbox 992 3226 1047 3276; x_wconf 90' lang='lat' dir='ltr'><strong>que</strong></span> <span class='ocrx_word' id='word_1_324' title='bbox 1074 3212 1101 3264; x_wconf 92' lang='lat' dir='ltr'><strong><em>B</em></strong></span> <span class='ocrx_word' id='word_1_325' title='bbox 1129 3217 1153 3264; x_wconf 86' lang='lat' dir='ltr'><strong>ct</strong></span> 
     </span>
     <span class='ocr_line' id='line_1_38' title="bbox 142 3279 1154 3351; baseline 0.001 -18"><span class='ocrx_word' id='word_1_326' title='bbox 142 3281 297 3334; x_wconf 76' lang='lat' dir='ltr'><strong>Wlmoaas</strong></span> <span class='ocrx_word' id='word_1_327' title='bbox 316 3280 440 3334; x_wconf 92' lang='lat' dir='ltr'><strong>omnium</strong></span> <span class='ocrx_word' id='word_1_328' title='bbox 458 3283 490 3335; x_wconf 81' lang='lat' dir='ltr'><strong>ia</strong></span> <span class='ocrx_word' id='word_1_329' title='bbox 507 3298 559 3351; x_wconf 72' lang='lat' dir='ltr'><strong>aeq.</strong></span> <span class='ocrx_word' id='word_1_330' title='bbox 578 3281 635 3336; x_wconf 84' lang='lat' dir='ltr'><strong>cod.</strong></span> <span class='ocrx_word' id='word_1_331' title='bbox 657 3280 737 3335; x_wconf 75' lang='lat' dir='ltr'><strong>char.</strong></span> <span class='ocrx_word' id='word_1_332' title='bbox 792 3279 956 3334; x_wconf 89' lang='lat' dir='ltr'><strong>inmutabili</strong></span> <span class='ocrx_word' id='word_1_333' title='bbox 974 3296 1009 3333; x_wconf 85' lang='lat' dir='ltr'><strong>ne</strong></span> <span class='ocrx_word' id='word_1_334' title='bbox 1029 3299 1055 3349; x_wconf 90' lang='lat' dir='ltr'><strong>q.</strong></span> <span class='ocrx_word' id='word_1_335' title='bbox 1075 3282 1154 3336; x_wconf 80' lang='lat' dir='ltr'><strong>codd.</strong></span> 
     </span>
     <span class='ocr_line' id='line_1_39' title="bbox 137 3351 1156 3420; baseline 0.001 -17"><span class='ocrx_word' id='word_1_336' title='bbox 137 3353 179 3404; x_wconf 83' lang='lat' dir='ltr'><strong>est</strong></span> <span class='ocrx_word' id='word_1_337' title='bbox 203 3351 267 3405; x_wconf 82' lang='lat' dir='ltr'><strong>add.</strong></span> <span class='ocrx_word' id='word_1_338' title='bbox 292 3351 373 3406; x_wconf 71' lang='lat' dir='ltr'><strong>Cicer.</strong></span> <span class='ocrx_word' id='word_1_339' title='bbox 487 3358 502 3405; x_wconf 90' lang='grc'>6</span> <span class='ocrx_word' id='word_1_340' title='bbox 525 3368 576 3420; x_wconf 87' lang='lat' dir='ltr'><strong>pro</strong></span> <span class='ocrx_word' id='word_1_341' title='bbox 600 3367 632 3405; x_wconf 91' lang='lat' dir='ltr'><strong>eo</strong></span> <span class='ocrx_word' id='word_1_342' title='bbox 656 3351 731 3418; x_wconf 91' lang='lat' dir='ltr'><strong>quod</strong></span> <span class='ocrx_word' id='word_1_343' title='bbox 756 3351 836 3406; x_wconf 81' lang='lat' dir='ltr'><strong>Olccr.</strong></span> <span class='ocrx_word' id='word_1_344' title='bbox 947 3356 962 3404; x_wconf 92' lang='grc'><strong><em>9</em></strong></span> <span class='ocrx_word' id='word_1_345' title='bbox 987 3351 1099 3405; x_wconf 69' lang='lat' dir='ltr'><strong>erudit⁹</strong></span> <span class='ocrx_word' id='word_1_346' title='bbox 1119 3352 1156 3404; x_wconf 88' lang='lat' dir='ltr'><em>M</em></span> 
     </span>
     <span class='ocr_line' id='line_1_40' title="bbox 121 3421 1155 3491; baseline 0.003 -17"><span class='ocrx_word' id='word_1_347' title='bbox 121 3422 231 3474; x_wconf 63' lang='lat' dir='ltr'><strong>‘erudit</strong></span> <span class='ocrx_word' id='word_1_348' title='bbox 249 3423 310 3476; x_wconf 89' lang='lat' dir='ltr'><strong>AB</strong></span> <span class='ocrx_word' id='word_1_349' title='bbox 419 3428 451 3475; x_wconf 93' lang='lat'><strong>11</strong></span> <span class='ocrx_word' id='word_1_350' title='bbox 475 3440 540 3490; x_wconf 86' lang='lat' dir='ltr'><strong>pare</strong></span> <span class='ocrx_word' id='word_1_351' title='bbox 560 3423 630 3475; x_wconf 87' lang='lat' dir='ltr'><strong>AM</strong></span> <span class='ocrx_word' id='word_1_352' title='bbox 737 3428 769 3474; x_wconf 76' lang='lat'><strong>12</strong></span> <span class='ocrx_word' id='word_1_353' title='bbox 796 3421 973 3476; x_wconf 83' lang='lat' dir='ltr'><strong>consessione</strong></span> <span class='ocrx_word' id='word_1_354' title='bbox 992 3423 1096 3491; x_wconf 69' lang='lat' dir='ltr'><strong>l-esio-</strong></span> <span class='ocrx_word' id='word_1_355' title='bbox 1116 3425 1155 3490; x_wconf 84' lang='grc' dir='ltr'><strong>Β)</strong></span> 
     </span>
     <span class='ocr_line' id='line_1_41' title="bbox 132 3493 1157 3548; baseline 0.003 -4"><span class='ocrx_word' id='word_1_356' title='bbox 132 3499 169 3545; x_wconf 79' lang='grc'><strong><em>19</em></strong></span> <span class='ocrx_word' id='word_1_357' title='bbox 187 3493 340 3546; x_wconf 82' lang='lat' dir='ltr'><strong>anchoram</strong></span> <span class='ocrx_word' id='word_1_358' title='bbox 354 3494 422 3548; x_wconf 87' lang='grc' dir='ltr'><strong>ΒΜ</strong></span> <span class='ocrx_word' id='word_1_359' title='bbox 438 3493 621 3547; x_wconf 86' lang='lat' dir='ltr'><strong>anachortam</strong></span> <span class='ocrx_word' id='word_1_360' title='bbox 636 3494 663 3547; x_wconf 88' lang='lat' dir='ltr'><strong><em>A</em></strong></span> <span class='ocrx_word' id='word_1_361' title='bbox 682 3510 758 3546; x_wconf 80' lang='lat' dir='ltr'><strong>arom</strong></span> <span class='ocrx_word' id='word_1_362' title='bbox 773 3511 880 3547; x_wconf 87' lang='lat' dir='ltr'><strong>sacrem</strong></span> <span class='ocrx_word' id='word_1_363' title='bbox 897 3494 977 3548; x_wconf 71' lang='lat' dir='ltr'><strong>Cicer.</strong></span> <span class='ocrx_word' id='word_1_364' title='bbox 1042 3500 1076 3547; x_wconf 75' lang='lat'><strong>20</strong></span> <span class='ocrx_word' id='word_1_365' title='bbox 1097 3495 1157 3548; x_wconf 82' lang='lat' dir='ltr'><strong>sint</strong></span> 
     </span>
     <span class='ocr_line' id='line_1_42' title="bbox 137 3563 227 3616; baseline 0 0"><span class='ocrx_word' id='word_1_366' title='bbox 137 3563 227 3616; x_wconf 53' lang='lat' dir='ltr'><strong>*uach</strong></span> 
     </span>
    </p>
   </div>
   <div class='ocr_carea' id='block_1_6' title="bbox 0 0 1221 3840">
    <p class='ocr_par' dir='ltr' id='par_1_6' title="bbox 0 0 1221 3840">
     <span class='ocr_line' id='line_1_43' title="bbox 0 0 1221 3840; baseline 0 0"><span class='ocrx_word' id='word_1_367' title='bbox 0 0 1221 3840; x_wconf 95' lang='lat' dir='ltr'><strong> </strong></span> 
     </span>
    </p>
   </div>
  </div>
 </body>
</html>
