2422 3840
528 124 557 177 L.
578 122 690 179 Cincius
1052 125 1121 190 375

564 295 585 352 8
624 296 645 352 3

169 399 288 459 Cincius
315 418 447 459 mensem
477 286 625 479 [Μοονονὲ
645 290 841 458 ]nominetum
869 404 957 476 putat
984 421 1002 460 a
1029 401 1120 472 Maia,

102 509 193 565 quam
216 489 346 548 Vulcani
374 489 447 548 dicit
470 508 601 564 uxorem,
632 493 865 566 argumentoque
893 490 1011 564 nititur,
1041 492 1120 566 quod

101 578 209 637 flamen
238 577 414 637 Vulcanalis
446 577 583 636 kalendis
615 578 703 638 Maiis
735 578 804 638 huic
836 578 908 637 deae
944 598 1007 638 rem
1045 581 1119 639 divi·

101 686 172 726 nam
195 668 276 726 facit.

174 767 298 820 Macrob.
315 770 338 832 1,
354 770 398 831 12,
414 771 450 820 18
469 778 559 819 cuorus
573 797 606 805 —
622 779 682 819 racia
715 766 765 819 sed
787 766 852 819 Piso
876 767 924 837 [fr.
939 768 1029 838 421³]
1052 784 1119 821 uxo-

97 837 299 975 }Jgrlr'ilt'igcalni
329 837 477 890 Maiestam
509 854 565 890 non
593 836 699 890 Maiam
727 837 797 891 dicit
824 839 926 891 vocari.
973 840 1007 905 cf.
1036 840 1118 893 Folo.

173 1015 278 1070 3mais
298 1016 389 1069 Paria
410 1014 499 1068 maias
520 1016 618 1070 Rama.

562 1168 581 1224 9
622 1169 641 1224 4

167 1273 272 1332 Iunius
286 1273 401 1332 Maium
416 1274 552 1348 sequitur
566 1159 784 1335 —[ndminatus
799 1305 841 1346 -‚
857 1277 891 1330 ut
906 1272 1025 1334 Cincius
1040 1275 1117 1333 arbi·

99 1364 208 1434 tratur,
232 1362 313 1438 quod
331 1362 476 1420 Iunonius
500 1363 579 1438 apud
599 1361 723 1421 Latinos
747 1365 816 1420 ante
839 1364 989 1421 vocitatus
1008 1363 1117 1438 diuque

101 1451 182 1528 apud
205 1451 342 1510 Aricinos
365 1450 633 1526 Praenestinosque
661 1451 717 1509 hac
745 1451 946 1527 appellatione
969 1454 1001 1509 in
1025 1453 1117 1511 fastos

100 1541 212 1599 relatus
237 1542 283 1598 sit.

173 1639 297 1694 Macrob.
311 1644 335 1703 1,
347 1642 391 1704 12,
401 1644 438 1693 30
451 1652 531 1692 Iunius
540 1671 566 1677 -
575 1654 658 1692 mutu·
669 1653 704 1692 aa.
731 1639 766 1704 cf.
778 1639 861 1692 Paul.
873 1640 945 1693 Feet.
956 1657 986 1708 p.
1000 1644 1063 1706 103,
1073 1644 1116 1694 14.

100 1710 182 1765 Folo.
202 1712 295 1764 Nabal.
313 1712 349 1776 fr.
365 1716 389 1764 1.

551 1863 591 1918 10
617 1854 665 1940 [5]

168 1966 292 2045 Κίγκιος
320 1967 352 2027 ἕν
381 1969 420 2050 τῷ
446 1965 513 2048 περὶ
542 1975 601 2026 τῶν
628 1965 737 2046 ἑορτῶν
764 1963 839 2046 λέγει
865 1964 917 2026 τὸν
946 1964 1116 2046 Νοέμβριον

99 2055 181 2136 παρὰ
203 2062 265 2128 τοῖς
284 2061 419 2127 παλαιοῖς
439 2056 636 2135 Μερκηὸἴνον
655 2052 863 2133 ὀνομασθῆναι
882 2053 988 2115 ὡσανεὶ
1009 2061 1115 2133 μισθο-

99 2145 213 2224 φόρον·
237 2145 269 2205 ἕν
288 2144 367 2228 αὐτῷ
387 2143 442 2225 γὰρ
465 2151 527 2216 τοῖς
549 2144 706 2223 κτήτορσιν
730 2145 761 2204 οἱ
781 2142 927 2220 μισθωτοὶ
950 2143 1002 2216 τὰς
1024 2162 1115 2225 προσ-

101 2233 191 2305 όδους
219 2232 371 2314 εἰσέφερον
401 2242 454 2294 τοῦ
485 2234 687 2312 παρελθόντος
714 2233 825 2292 κύκλου
853 2231 958 2310 ἕτέροον
993 2242 1115 2313 καρπῶν

99 2314 192 2394 αὖθις
223 2321 431 2402 ἐπερχομένων.
479 2321 648 2402 Νοέμβριος
678 2319 709 2381 δὲ
737 2321 860 2401 ὕστερον
891 2319 1055 2400 ὠνομάσθη
1083 2321 1142 2387 eae

97 2421 154 2472 τοῦ
177 2410 322 2490 ἀριθμοῦ·
347 2411 468 2484 έννοττος
490 2411 546 2492 γὰρ
568 2411 601 2472 ἐκ
623 2420 676 2471 τοῦ
700 2412 849 2490 Μαρτίου.

171 2513 243 2582 Lyd.
259 2513 291 2566 de
305 2529 385 2565 οτεοε.
399 2516 424 2577 4,
435 2515 471 2566 92
491 2520 586 2575 Κίγκιος
595 2543 621 2551 -
632 2519 750 2577 Μαρτίου.
784 2511 819 2576 cf.
836 2511 917 2564 Folo.
932 2511 1025 2565 Nabal.
1042 2512 1078 2578 fr.
1091 2517 1114 2566 1.

466 2740 752 2796 MYSTAGOGICON

473 2865 475 2870 ’
498 2898 538 2952 11
571 2887 617 2971 [p.
636 2888 716 2972 aco]

167 3002 213 3059 zo.
234 3001 280 3057 ΙΙ.
324 3002 465 3059 trientem
487 3002 611 3058 tertium
633 3000 732 3075 pondo
756 3018 895 3058 coronam
919 3019 1041 3059 auream
1064 3001 1112 3059 de-

97 3089 178 3148 disse
201 3109 232 3148 se
255 3089 321 3148 Iovi
344 3090 455 3148 donum
478 3089 597 3163 scripsit
621 3089 653 3146 T.
679 3087 819 3156 Quintius
842 3083 1023 3167 dict<ator>‚
1046 3109 1113 3149 cum

96 3198 152 3254 per
165 3196 272 3237 novem
286 3178 349 3236 dies
362 3178 488 3236 totidem
501 3177 589 3235 urbes
604 3181 634 3234 et
647 3177 792 3236 decimam
806 3177 964 3237 Praeneste
979 3179 1111 3254 cepisset.

97 3267 129 3326 id
153 3267 319 3344 significare
338 3268 382 3325 ait
402 3265 519 3325 Cincius
542 3269 574 3324 in
595 3269 821 3343 mystagogicon
839 3267 858 3325 1.
873 3267 904 3324 Π
923 3267 997 3326 duas
1019 3268 1112 3327 libras

97 3357 196 3431 pondo
221 3360 250 3415 et
272 3356 419 3416 trientem.
1127 3375 1138 3417 τ

170 3456 243 3509 Fosi.
263 3472 293 3523 p.
313 3459 394 3518 363⁶,
413 3459 450 3509 26
476 3469 580 3508 triantem
598 3487 624 3493 -
642 3472 665 3508 et
681 3469 800 3520 trientem,
828 3471 889 3522 <tm
914 3454 1131 3506 uunanmem

96 3525 236 3594 hodieque
256 3526 367 3593 utimur,
388 3544 453 3581 cum
471 3527 587 3599 lignum
602 3527 665 3583 bes¹
676 3527 808 3583 alterum
823 3521 1020 3586 didimussxd
1032 3522 1083 3568 eet
1094 3529 1150 3574 ue-
