2422 3840
250 201 256 228 ·.
358 182 401 241 ¹2
445 157 484 221 Μ.
502 159 649 221 Terentius
669 159 777 229 Varro
823 192 826 199 ·
1042 161 1108 226 359

91 328 210 404 partis
238 327 414 406 disiectus
443 328 505 401 sit,
536 327 765 400 dimidiatum
788 348 865 388 eum
888 347 964 388 esse
988 330 1106 389 dicere

91 416 263 492 scyphum
287 415 410 492 debeo,
438 435 506 475 non
529 417 729 491 dimidium,
759 420 946 494 argentum
975 423 1106 494 autem,

92 505 186 582 qnod
216 506 252 564 in
282 524 320 562 eo
354 505 487 581 scypho
516 508 627 580 inest,
659 505 846 565 dimidium
875 526 987 565 meum
1017 526 1107 583 esse,

91 613 162 667 non
198 594 443 668 dimidiatum,
485 594 661 670 disseritque
698 614 732 653 ac
769 597 877 654 dividit
912 597 1106 655 subtilissime

91 682 165 759 quid
193 683 349 741 dimidium
376 682 532 743 dimidiato
559 685 692 758 intersit,
722 687 752 742 et
775 684 808 752 Q.
828 685 958 743 Ennium
979 687 1107 745 scienter
1121 695 1146 737 1⁶

91 772 198 831 hocin
217 772 374 830 annalibus
393 772 501 836 dixisse
520 774 564 830 ait
584 770 664 848 [536
680 765 754 848 V.²]:
778 769 881 833 ‘sicuti
899 774 924 832 si
943 775 1010 850 quis
1029 775 1107 833 ferat

91 880 145 921 vas
163 862 228 920 uini
247 857 457 919 dimidiatum',
494 864 582 920 siouti
605 881 674 936 pars
694 881 770 937 quae
793 863 875 922 deest
898 863 924 922 ei
943 881 1023 937 vaso,
1047 883 1107 921 non

91 950 249 1009 dimidiata
271 949 394 1009 dicenda
413 953 466 1023 est,
490 951 540 1008 sed
560 951 693 1009 dimidia.
735 952 830 1009 omnis
850 955 950 1011 autem
973 953 1106 1028 disputa-

91 1040 184 1098 tionis
213 1040 289 1113 eius,
319 1058 410 1115 quam
438 1039 589 1097 subtiliter
616 1040 749 1115 quidem,
779 1039 829 1099 sed
857 1041 1034 1099 subobscure
1059 1060 1106 1100 ex·

91 1129 194 1204 plicat,
215 1146 330 1188 summa
349 1128 421 1186 haec
440 1131 497 1186 est:
520 1127 710 1187 dimidiatum
728 1132 773 1187 est
792 1131 878 1204 quasi
896 1129 1107 1188 dismediatum
1120 1143 1147 1183 so

91 1221 123 1276 et
151 1219 183 1274 in
211 1219 305 1293 partis
336 1217 409 1274 duas
440 1235 524 1292 pares
555 1217 697 1292 divisum,
728 1218 917 1276 dimidiatum
948 1238 1017 1296 ergo
1047 1221 1107 1278 nisi

90 1308 203 1382 ipsum,
234 1306 312 1381 quod
341 1305 469 1364 divisum
497 1309 554 1379 est,
582 1306 641 1364 dici
667 1308 741 1365 haut
769 1309 919 1382 convenit3
950 1307 1106 1366 dimidium

91 1414 163 1454 uero
191 1398 243 1469 est,
271 1414 330 1453 non
360 1394 444 1469 quod
465 1396 564 1469 ipsum
591 1396 782 1454 dimidiatum
810 1399 862 1469 est,
893 1396 944 1455 sed
967 1416 1043 1472 quae
1071 1416 1106 1455 ex

92 1477 249 1542 dimidiato
277 1501 346 1559 pars
375 1485 471 1542 alters
497 1487 550 1542 est.
597 1503 664 1542 oum
691 1486 785 1561 igitur
812 1488 928 1560 partem
951 1485 1106 1543 dimidiam

91 1573 162 1631 libri
184 1573 291 1650 legisse
314 1573 451 1631 volumus
474 1573 570 1632 dicere
594 1576 648 1631 ant
669 1577 786 1648 partem
807 1565 963 1634 dimidiam
985 1576 1105 1633 fabulae
1120 1589 1145 1628 ss

91 1661 222 1740 audisse,
259 1663 285 1719 si
318 1657 485 1719 ‘dimidiam
516 1657 662 1721 fabulam'
695 1667 749 1721 aut
785 1659 953 1721 ‘dimidium
977 1654 1104 1721 ‘librum'

91 1742 228 1824 dicimus,
254 1769 423 1826 pecoamns3
450 1753 497 1808 tot
535 1744 549 1824 ’Ἴ
577 1752 655 1809 enim
682 1753 780 1826 ipsum
808 1752 887 1827 quod
915 1752 1106 1810 dimidiatum

90 1844 183 1915 atque
206 1839 335 1897 divisum
358 1842 411 1912 cst,
435 1839 592 1897 dimidium
610 1840 692 1898 dicis.
728 1843 832 1916 itaque
851 1841 984 1899 Lucilius
1003 1841 1106 1900 eadem

92 1932 211 1988 secutus
231 1923 334 2007 [1342
343 1922 438 2006 Mo.]:
458 1923 528 1986 ‘uno
543 1924 640 1987 oculo'
660 1929 760 2003 inquit
779 1924 974 2004 ‘pedibusque
991 1931 1105 1989 duobus

92 2009 267 2076 dimidiatus
288 2010 301 2095 J
321 2020 356 2087 nt
374 2012 512 2092 porcus'3'
525 2025 555 2075 et
574 2019 633 2075 alio
652 2018 717 2076 loco
740 2012 944 2097 [1283Mo.]:
970 2014 1107 2094 ‘quidnil
1120 2033 1146 2072 oo

91 2110 122 2166 et
136 2111 236 2165 scruta
251 2105 371 2181 quidem
388 2109 423 2163 ut
436 2101 547 2164 vendat
565 2108 728 2164 scrutarius
746 2107 860 2181 laudat,
875 2104 888 2187 s
905 2103 1106 2182 praefractam

93 2196 249 2272 strigilem,
273 2195 384 2253 soleam
407 2195 549 2269 inprobus
574 2192 781 2255 dimidiatam'.
826 2198 888 2254 iam
910 2199 942 2253 in
965 2199 1105 2255 vicesimo

91 2285 278 2343 manifestius
307 2279 474 2342 ‘dimidiam
501 2280 620 2342 horam'
650 2285 746 2342 dicere
773 2285 906 2343 studiose
933 2286 1033 2363 fugin·
1055 2285 1106 2344 sed

90 2392 145 2448 pro
170 2373 293 2431 dimidia
317 2373 473 2430 dimidium
496 2375 582 2448 ponit
603 2375 636 2431 in
655 2374 735 2431 hisce
758 2375 891 2432 versibus
917 2368 951 2452 [5
958 2378 999 2432 71
1011 2368 1104 2456 Ma.]:

59 2517 62 2522 .
91 2457 281 2538 ‘tempestate
300 2457 353 2520 sue
373 2464 462 2536 atquc
482 2462 585 2521 eodem
603 2455 663 2520 uno
683 2466 815 2537 tempore
836 2466 866 2520 et
883 2464 974 2522 horae
990 2455 1004 2542 l
1019 2460 1105 2521 dimi·
1119 2476 1145 2517 es

91 2551 141 2609 dio
166 2553 196 2608 et
218 2551 314 2610 tribus
338 2551 479 2609 confectis
503 2551 681 2609 dumtaxat
705 2552 828 2610 eandem
848 2544 863 2630 s
883 2551 920 2609 ad
944 2547 1105 2627 quartam'.

96 2681 98 2685 ¹
159 2677 228 2716 nam
252 2659 326 2716 cum*
342 2658 462 2715 obvium
489 2659 716 2733 proximumque
744 2661 821 2716 esset
844 2658 941 2716 dicere
970 2653 1105 2716 ‘dimidia

90 2750 123 2806 et
149 2747 244 2805 tribus
273 2743 440 2819 confectis'‚
472 2747 597 2822 vigilate
628 2750 718 2820 atque
749 2749 862 2805 attente
892 2746 1016 2805 verbum
1046 2767 1105 2805 non

90 2834 217 2912 probum
240 2837 356 2894 vitavit.
402 2856 455 2910 per
478 2834 557 2911 quod
579 2837 653 2894 satis
678 2838 803 2910 apparet
825 2854 862 2893 ne
887 2831 1012 2893 ‘horam'
1038 2839 1102 2911 qui-

90 2926 158 2984 dem
187 2916 363 2983 ‘dimidiam'
392 2927 470 2983 recte
499 2924 570 2997 dici,
602 2924 653 2982 sed
683 2925 731 2982 vel
759 2918 959 2982 ‘dimidiatam
987 2920 1103 2983 horam'
1118 2943 1145 2982 eo

91 3015 139 3073 vel
164 3009 329 3072 ‘dimidiam
358 3016 473 3088 partem
496 3008 607 3071 horae'.
653 3016 811 3088 propterea
835 3013 959 3071 Plautus
986 3033 1104 3088 quoque

90 3105 123 3161 in
139 3103 336 3162 Bacchidibus
359 3097 472 3180 [1189]
494 3096 661 3159 ‘dimidium
680 3096 757 3159 auri'
776 3101 858 3174 dicit,
877 3121 936 3160 non
956 3097 1104 3160 ‘dimidia-

90 3195 156 3249 tum
184 3186 309 3265 aurum’3
343 3192 415 3249 item
442 3193 474 3248 in
502 3191 660 3248 Aulularia
693 3185 860 3248 ‘dimidium
888 3186 1013 3264 obsoni',
1045 3209 1103 3249 non

90 3276 293 3339 ‘dimidiatum
325 3275 507 3354 obsonium',
539 3281 568 3336 io
604 3279 658 3338 hoc
690 3298 777 3338 versu
810 3273 917 3358 [29sp
954 3275 997 3337 ‘ei
1030 3279 1103 3338 adeo

44 3376 46 3382 '
89 3370 272 3437 obsoniihie
301 3369 389 3428 iussit
416 3368 572 3431 dimidium
600 3363 687 3442 dari'3
716 3371 748 3442 in
776 3369 973 3427 Menaechmis
1004 3371 1144 3427 antemio

90 3454 293 3520 ‘dimidiatum
319 3453 419 3533 diem',
446 3478 506 3530 non
535 3453 712 3518 ‘dimidium'
741 3459 778 3533 in
801 3458 861 3517 hoc
885 3476 984 3515 uersu
995 3451 1122 3532 Xib'tk,

89 3543 164 3604 ‘dies
187 3547 387 3622 quidemiam
412 3548 450 3607 sd
475 3548 658 3610 umbilicum
681 3549 870 3610 dimidiatus
889 3533 1079 3616 mortuum?
