2422 3840
120 198 184 263 398
269 197 474 252 Grammaticos
493 187 596 251 aetatis
616 196 805 250 varronianae
823 195 983 266 fragmenta

119 387 203 441 rem,
232 367 323 443 quod
347 370 523 444 arguatur
545 365 636 423 male
658 367 777 424 facere
800 363 988 424 voluisse?
1033 385 1136 424 nemo

80 477 106 516 so
121 459 256 531 opinor,
275 475 444 533 namugo,
465 455 556 530 quod
572 455 613 512 ad
627 474 678 512 me
694 455 840 529 attinet,
859 449 996 512 nolim'.
1029 454 1135 513 deinde

120 546 211 621 paulo
234 546 315 603 infra
337 544 411 603 dicit
435 537 594 622 [V5J.]:
628 538 729 618 ‘quid
757 542 873 602 nunc?
918 561 1028 618 ecqua
1055 548 1134 602 tan-

120 634 197 693 dem
220 634 277 692 lex
296 638 349 692 est
371 638 444 693 tam
463 633 603 708 acerba,
628 651 717 707 quae
736 632 834 690 dicat
859 627 916 691 “si
938 635 1017 707 quis
1041 632 1136 691 illud

120 724 239 782 facere
267 723 444 797 voluerit,
478 721 578 781 mille
606 723 722 780 minus
753 722 941 780 dimidium
971 722 1136 780 familiae

120 813 235 870 multa
262 815 353 886 est03
381 813 410 870 si
432 813 510 887 quis
533 810 614 886 plus
638 813 837 887 quingenta
855 811 980 888 iugera
1003 811 1134 870 habere

81 921 107 962 so
122 902 294 975 voluerit,
313 904 417 960 tanta
436 918 549 976 poena
563 903 652 973 est03
668 902 697 958 si
712 899 791 975 quis
806 900 974 959 maiorem
988 919 1136 976 pecuum

121 1010 304 1049 numerum
327 989 457 1049 habere
476 991 649 1063 voluerit,
672 992 814 1060 tantum
837 990 982 1048 damnas
1006 983 1138 1048 esto'’?

123 1080 226 1154 atqui
258 1097 320 1138 nos
357 1081 475 1137 omnia
511 1079 617 1153 plura
653 1078 786 1137 habere
817 1079 997 1153 volumus,
1034 1086 1069 1137 et
1100 1077 1135 1135 id

122 1167 225 1228 nobis
243 1171 389 1243 impune
412 1163 486 1227 est'.
532 1171 637 1243 postea
659 1169 704 1226 ita
727 1167 801 1226 dicit
824 1161 906 1246 [Vc
920 1161 982 1246 J.]:
1006 1161 1083 1226 ‘sed
1106 1166 1137 1225 si

122 1259 290 1316 honorem
308 1276 376 1317 non
397 1277 545 1332 aequum
564 1260 619 1316 est
635 1257 761 1315 haberi
780 1256 820 1315 ob
841 1275 914 1314 eam
932 1275 1020 1331 rem,
1043 1255 1136 1332 quod

70 1347 209 1407 roo'bene
232 1348 352 1406 facere
370 1345 528 1406 voluisse
548 1340 628 1422 quis
647 1345 738 1404 dicit
761 1365 873 1421 neque
891 1345 981 1404 fecit
1003 1349 1136 1417 tamen,

122 1435 362 1495 Rodiensibus
387 1435 518 1509 oberit,
549 1434 641 1510 quod
663 1453 732 1493 non
755 1435 1046 1508 malefecerunt,
1077 1434 1137 1492 sed

124 1524 208 1600 quia
226 1525 387 1600 voluisse
410 1524 581 1584 dicuntur
602 1519 760 1582 facere‘?'
798 1524 844 1583 his
864 1525 1047 1602 argumentis
1066 1523 1138 1581 Tiro

124 1614 240 1671 Tullius
263 1605 302 1672 M.
328 1613 471 1672 Catonem
499 1613 673 1672 contendere
698 1618 727 1671 et
750 1613 891 1671 conficere
914 1612 987 1670 dicit
1010 1612 1137 1672 Rodien·

124 1702 204 1762 sibus
223 1721 341 1778 quoque
359 1702 480 1777 impune
500 1719 562 1761 esse
580 1701 694 1776 debere,
719 1701 797 1776 quod
815 1702 915 1760 hostes
935 1700 1055 1777 quidem
1073 1719 1137 1760 esse

71 1810 109 1850 roo
124 1792 229 1867 populi
257 1791 385 1850 Romani
411 1792 588 1864 voluissent,
619 1792 654 1848 ut
681 1793 733 1867 qui
760 1791 887 1849 maxime
914 1809 974 1849 non
1002 1791 1137 1850 fuissent

124 1880 306 1938 dissimulari
330 1885 428 1939 autem
451 1899 511 1938 non
534 1898 619 1954 posse
644 1879 695 1955 ait,
719 1880 791 1955 quin
813 1882 899 1954 paria
918 1882 948 1938 et
971 1879 1139 1938 consimilia

124 1987 183 2027 non
198 1971 258 2028 sint
272 1971 340 2046 plus
355 1971 519 2046 quingenta
537 1971 641 2046 iugera
656 1968 765 2027 habere
779 1969 864 2043 velle,
882 1968 964 2044 quod
981 1967 1139 2044 plebiscito

125 2058 256 2118 Stolonis
274 2059 458 2134 prohibitum
476 2060 543 2132 fuit,
563 2063 593 2116 et
610 2057 722 2116 bellum
740 2060 884 2117 iniustum
904 2062 993 2132 atque
1010 2057 1139 2132 impium

124 2148 235 2222 populo
263 2147 398 2206 Romano
426 2148 522 2206 facere
549 2148 640 2221 velle,
667 2166 761 2221 neque
788 2149 860 2205 item
893 2145 1018 2204 infitiari
1042 2164 1140 2222 posse,

71 2256 111 2295 110
126 2238 198 2311 quin
217 2237 278 2294 alia
293 2255 383 2295 consa
400 2238 432 2294 in
450 2237 582 2311 praemio
598 2237 645 2310 sit
665 2237 725 2294 clia
742 2237 774 2294 in
793 2237 904 2312 poenis.
936 2253 1014 2292 nam
1033 2234 1138 2293 bene·

124 2325 212 2384 ficia
239 2325 339 2400 inquit
365 2326 543 2400 promisse
567 2327 728 2404 opperiri
752 2328 896 2400 oportet
919 2343 1032 2399 neque
1056 2326 1139 2382 ante

124 2416 346 2472 remunerari
366 2434 469 2490 quam
487 2415 586 2473 facta
604 2416 691 2485 sint,
712 2415 868 2472 iniurias
889 2416 1006 2472 antem
1023 2412 1138 2471 immi-

125 2504 245 2561 nentis
263 2506 492 2577 praecavisse
510 2503 646 2562 iustum
666 2506 721 2562 est
735 2522 838 2578 quam
861 2503 1138 2577 exspectavisse.

125 2609 259 2650 summo
277 2593 369 2650 enim
390 2593 570 2668 professio
594 2591 781 2652 stultitiae
804 2592 903 2668 inquit
927 2594 980 2649 est
998 2609 1068 2650 non
1086 2592 1139 2648 ire

72 2680 267 2740 inobviam
286 2681 483 2741 sceleribus
503 2681 691 2759 cogitatis,
715 2679 775 2739 sed
793 2699 934 2738 monere
958 2681 1139 2754 opperiri-

125 2788 204 2844 que,
235 2774 274 2827 ut
302 2789 377 2827 eum
405 2771 560 2831 admissa
584 2774 618 2829 et
644 2771 858 2845 perpetrate
885 2771 1036 2842 fuerint,
1066 2771 1140 2828 tum

126 2857 292 2933 denique,
324 2858 385 2917 ubi
417 2878 506 2934 quae
538 2860 637 2918 facta
670 2861 753 2917 sunt
784 2859 922 2916 infecta
953 2857 1038 2916 fieri
1070 2875 1140 2915 non

125 2950 289 3021 possunt,
311 2948 536 3024 poeniantur.

199 3080 267 3136 Geli.
282 3086 307 3148 6,
320 3086 380 3149 3,8
399 3083 557 3153 [postquam
575 3100 687 3138 oausam
705 3083 839 3138 orationis
857 3100 875 3136 a
894 3082 995 3136 Catone
1009 3096 1063 3150 pro
1082 3080 1141 3136 Ro·

126 3153 265 3207 diensclim
286 3154 395 3208 habitae
417 3154 589 3225 explanavit]
611 3154 677 3208 Tiro
701 3157 795 3210 autem
818 3152 927 3206 'Pullius
953 3182 986 3192 -·
1012 3150 1140 3219 profecto

126 3223 189 3292 plus
215 3240 299 3277 ausus
325 3227 373 3279 est'
392 3243 478 3293 quam
502 3229 534 3278 ut
559 3225 673 3279 tolerari
695 3225 859 3295 ignoscique
881 3223 981 3292 possit.
1017 3237 1140 3291 namque

127 3294 277 3363 epistulam
296 3296 463 3365 conscripsit
481 3298 517 3349 ad
537 3296 568 3360 Q.-
583 3298 686 3350 Axium
709 3296 834 3368 [anxium
853 3295 942 3365 codd]
971 3293 1138 3346 familiarem

126 3367 238 3434 patroni
258 3367 301 3420 sui
321 3368 492 3423 confidenter
510 3368 594 3422 nimis
609 3372 638 3422 et
651 3368 742 3422 calide
752 3366 867 3492 &allide
876 3366 975 3437 eodd.]‚
988 3364 1019 3425 in
1033 3382 1091 3433 qua
1104 3362 1140 3445 si:

120 3437 213 3493 bimet
235 3439 312 3494 risus
331 3441 375 3496 est
399 3439 555 3501 orationem
577 3440 663 3494 istam
684 3457 735 3509 pro
784 3437 945 3492 odiensibus
969 3434 1028 3490 acri
1067 3451 1141 3495 saon

104 3511 205 3585 codol]
224 3513 387 3587 subtilique
407 3514 519 3573 iudicio
538 3512 743 3588 percensuisse.
778 3527 814 3564 ex
833 3525 870 3562 ea
883 3507 1006 3588 epistula
1114 3576 1118 3582 ἱ

95 3582 173 3638 'orte
192 3587 284 3645 nobis
302 3595 353 3648 est
369 3589 621 3666 reprehensiones
639 3587 705 3646 eius
722 3582 865 3656 quosnam
880 3579 1045 3648 stuwi
1098 3635 1101 3639 .
