<?xml version="1.0" encoding="UTF-8"?>
<!DOCTYPE html PUBLIC "-//W3C//DTD XHTML 1.0 Transitional//EN"
    "http://www.w3.org/TR/xhtml1/DTD/xhtml1-transitional.dtd">
<html xmlns="http://www.w3.org/1999/xhtml" xml:lang="en" lang="en">
 <head>
  <title>
</title>
<meta http-equiv="Content-Type" content="text/html;charset=utf-8" />
  <meta name='ocr-system' content='tesseract 3.04.00' />
  <meta name='ocr-capabilities' content='ocr_page ocr_carea ocr_par ocr_line ocrx_word'/>
</head>
<body>
  <div class='ocr_page' id='page_1' title='image "./grammaticaeroma01funagoog_0291.png"; bbox 0 0 2422 3840; ppageno 0'>
   <div class='ocr_carea' id='block_1_1' title="bbox 114 173 980 262">
    <p class='ocr_par' dir='ltr' id='par_1_1' title="bbox 114 173 980 262">
     <span class='ocr_line' id='line_1_1' title="bbox 114 173 980 262; baseline -0.003 -15"><span class='ocrx_word' id='word_1_1' title='bbox 114 190 179 255; x_wconf 77' lang='grc'>256</span> <span class='ocrx_word' id='word_1_2' title='bbox 261 190 468 247; x_wconf 83' lang='lat' dir='ltr'>Grammaticae</span> <span class='ocrx_word' id='word_1_3' title='bbox 487 189 590 244; x_wconf 87' lang='lat' dir='ltr'>aetatis</span> <span class='ocrx_word' id='word_1_4' title='bbox 609 173 801 245; x_wconf 71' lang='lat' dir='ltr'>Varronian&#39;ae</span> <span class='ocrx_word' id='word_1_5' title='bbox 820 190 980 262; x_wconf 83' lang='lat' dir='ltr'>fragmenta</span> 
     </span>
    </p>
   </div>
   <div class='ocr_carea' id='block_1_2' title="bbox 112 351 1136 493">
    <p class='ocr_par' dir='ltr' id='par_1_2' title="bbox 112 351 1136 493">
     <span class='ocr_line' id='line_1_2' title="bbox 184 351 1136 421; baseline 0.002 -17"><span class='ocrx_word' id='word_1_6' title='bbox 184 357 200 404; x_wconf 72' lang='grc'>2</span> <span class='ocrx_word' id='word_1_7' title='bbox 220 352 346 405; x_wconf 64' lang='lat' dir='ltr'>demumr</span> <span class='ocrx_word' id='word_1_8' title='bbox 365 368 413 404; x_wconf 84' lang='lat' dir='ltr'>em.</span> <span class='ocrx_word' id='word_1_9' title='bbox 434 351 553 406; x_wconf 76' lang='lat' dir='ltr'>Mereter</span> <span class='ocrx_word' id='word_1_10' title='bbox 611 351 718 404; x_wconf 90' lang='lat' dir='ltr'>curiam</span> <span class='ocrx_word' id='word_1_11' title='bbox 737 351 874 420; x_wconf 86' lang='lat' dir='ltr'>appellat:</span> <span class='ocrx_word' id='word_1_12' title='bbox 894 369 942 406; x_wconf 84' lang='grc'>55.</span> <span class='ocrx_word' id='word_1_13' title='bbox 962 353 1070 421; x_wconf 80' lang='lat' dir='ltr'>Popmc</span> <span class='ocrx_word' id='word_1_14' title='bbox 1088 352 1136 406; x_wconf 81' lang='lat' dir='ltr'>lo·</span> 
     </span>
     <span class='ocr_line' id='line_1_3' title="bbox 112 421 898 493; baseline 0.003 -17"><span class='ocrx_word' id='word_1_15' title='bbox 112 439 175 476; x_wconf 88' lang='lat' dir='ltr'>cum</span> <span class='ocrx_word' id='word_1_16' title='bbox 195 454 228 463; x_wconf 94' lang='lat'>-</span> <span class='ocrx_word' id='word_1_17' title='bbox 249 422 355 477; x_wconf 75' lang='lat' dir='ltr'>cunam</span> <span class='ocrx_word' id='word_1_18' title='bbox 375 421 501 490; x_wconf 86' lang='lat' dir='ltr'>appellat</span> <span class='ocrx_word' id='word_1_19' title='bbox 519 423 571 493; x_wconf 81' lang='lat' dir='ltr'>(eet</span> <span class='ocrx_word' id='word_1_20' title='bbox 589 424 660 492; x_wconf 73' lang='lat' dir='ltr'>aut)</span> <span class='ocrx_word' id='word_1_21' title='bbox 680 425 749 477; x_wconf 74' lang='lat' dir='ltr'>coci.</span> <span class='ocrx_word' id='word_1_22' title='bbox 770 424 898 492; x_wconf 69' lang='grc'><em>51511155</em></span> 
     </span>
    </p>
   </div>
   <div class='ocr_carea' id='block_1_3' title="bbox 539 603 699 687">
    <p class='ocr_par' dir='ltr' id='par_1_3' title="bbox 539 603 699 687">
     <span class='ocr_line' id='line_1_4' title="bbox 539 603 699 687; baseline -0.013 -19"><span class='ocrx_word' id='word_1_23' title='bbox 539 611 605 668; x_wconf 81' lang='lat'>210</span> <span class='ocrx_word' id='word_1_24' title='bbox 629 603 699 687; x_wconf 87' lang='lat'><strong><em>[11]</em></strong></span> 
     </span>
    </p>
   </div>
   <div class='ocr_carea' id='block_1_4' title="bbox 84 733 1132 1255">
    <p class='ocr_par' dir='ltr' id='par_1_4' title="bbox 111 733 1132 1075">
     <span class='ocr_line' id='line_1_5' title="bbox 179 733 1132 812; baseline -0.002 -22"><span class='ocrx_word' id='word_1_25' title='bbox 179 733 197 790; x_wconf 84' lang='grc'><em>1.</em></span> <span class='ocrx_word' id='word_1_26' title='bbox 216 733 263 791; x_wconf 88' lang='grc' dir='ltr'>ΙΙ.</span> <span class='ocrx_word' id='word_1_27' title='bbox 306 750 383 791; x_wconf 92' lang='lat' dir='ltr'>cum</span> <span class='ocrx_word' id='word_1_28' title='bbox 405 733 442 791; x_wconf 93' lang='lat' dir='ltr'>in</span> <span class='ocrx_word' id='word_1_29' title='bbox 460 734 624 809; x_wconf 84' lang='lat' dir='ltr'>quintum</span> <span class='ocrx_word' id='word_1_30' title='bbox 648 734 793 812; x_wconf 88' lang='lat' dir='ltr'>gradum</span> <span class='ocrx_word' id='word_1_31' title='bbox 817 736 1059 809; x_wconf 86' lang='lat' dir='ltr'>pervenerant</span> <span class='ocrx_word' id='word_1_32' title='bbox 1078 737 1132 806; x_wconf 62' lang='lat' dir='ltr'>at-v</span> 
     </span>
     <span class='ocr_line' id='line_1_6' title="bbox 112 821 1131 899; baseline 0.003 -21"><span class='ocrx_word' id='word_1_33' title='bbox 112 839 177 895; x_wconf 91' lang='lat' dir='ltr'>que</span> <span class='ocrx_word' id='word_1_34' title='bbox 196 821 377 880; x_wconf 78' lang='lat' dir='ltr'><strong>habebant</strong></span> <span class='ocrx_word' id='word_1_35' title='bbox 400 823 590 899; x_wconf 78' lang='lat' dir='ltr'>sexaginta</span> <span class='ocrx_word' id='word_1_36' title='bbox 614 841 736 896; x_wconf 83' lang='lat' dir='ltr'>annos,</span> <span class='ocrx_word' id='word_1_37' title='bbox 760 825 834 880; x_wconf 91' lang='lat' dir='ltr'>tum</span> <span class='ocrx_word' id='word_1_38' title='bbox 855 822 1007 897; x_wconf 89' lang='lat' dir='ltr'>denique</span> <span class='ocrx_word' id='word_1_39' title='bbox 1027 825 1131 881; x_wconf 88' lang='lat' dir='ltr'>erant</span> 
     </span>
     <span class='ocr_line' id='line_1_7' title="bbox 112 910 1131 990; baseline 0.002 -22"><span class='ocrx_word' id='word_1_40' title='bbox 112 929 130 968; x_wconf 91' lang='lat' dir='ltr'>a</span> <span class='ocrx_word' id='word_1_41' title='bbox 158 910 317 985; x_wconf 75' lang='lat' dir='ltr'>publicis</span> <span class='ocrx_word' id='word_1_42' title='bbox 347 913 506 990; x_wconf 87' lang='lat' dir='ltr'>negotiis</span> <span class='ocrx_word' id='word_1_43' title='bbox 536 911 646 977; x_wconf 82' lang='lat' dir='ltr'>liberi</span> <span class='ocrx_word' id='word_1_44' title='bbox 676 914 783 987; x_wconf 87' lang='lat' dir='ltr'>atque</span> <span class='ocrx_word' id='word_1_45' title='bbox 814 913 932 970; x_wconf 90' lang='lat' dir='ltr'>otiosi.</span> <span class='ocrx_word' id='word_1_46' title='bbox 983 911 1063 974; x_wconf 84' lang='lat' dir='ltr'>ideo</span> <span class='ocrx_word' id='word_1_47' title='bbox 1094 912 1131 970; x_wconf 88' lang='lat' dir='ltr'>in</span> 
     </span>
     <span class='ocr_line' id='line_1_8' title="bbox 111 999 1131 1075; baseline 0.002 -19"><span class='ocrx_word' id='word_1_48' title='bbox 111 999 344 1075; x_wconf 84' lang='lat' dir='ltr'>proverbium</span> <span class='ocrx_word' id='word_1_49' title='bbox 372 1000 514 1075; x_wconf 89' lang='lat' dir='ltr'>quidam</span> <span class='ocrx_word' id='word_1_50' title='bbox 542 1003 673 1074; x_wconf 90' lang='lat' dir='ltr'>putant</span> <span class='ocrx_word' id='word_1_51' title='bbox 700 1000 855 1075; x_wconf 84' lang='lat' dir='ltr'>venisse,</span> <span class='ocrx_word' id='word_1_52' title='bbox 884 1003 924 1058; x_wconf 90' lang='lat' dir='ltr'>ut</span> <span class='ocrx_word' id='word_1_53' title='bbox 946 999 1131 1060; x_wconf 89' lang='lat' dir='ltr'>diceretur</span> 
     </span>
    </p>

    <p class='ocr_par' dir='ltr' id='par_1_5' title="bbox 84 1089 1131 1255">
     <span class='ocr_line' id='line_1_9' title="bbox 84 1089 1131 1165; baseline 0.001 -19"><span class='ocrx_word' id='word_1_54' title='bbox 84 1089 366 1165; x_wconf 72' lang='lat' dir='ltr'>tsexagenarios</span> <span class='ocrx_word' id='word_1_55' title='bbox 390 1090 431 1147; x_wconf 90' lang='lat' dir='ltr'>de</span> <span class='ocrx_word' id='word_1_56' title='bbox 453 1091 562 1165; x_wconf 92' lang='lat' dir='ltr'>ponte</span> <span class='ocrx_word' id='word_1_57' title='bbox 580 1089 674 1148; x_wconf 89' lang='lat' dir='ltr'>deici</span> <span class='ocrx_word' id='word_1_58' title='bbox 698 1092 877 1164; x_wconf 79' lang='lat' dir='ltr'>oportere,</span> <span class='ocrx_word' id='word_1_59' title='bbox 900 1089 936 1147; x_wconf 88' lang='lat' dir='ltr'>id</span> <span class='ocrx_word' id='word_1_60' title='bbox 960 1093 1012 1149; x_wconf 92' lang='lat' dir='ltr'>est</span> <span class='ocrx_word' id='word_1_61' title='bbox 1036 1089 1131 1165; x_wconf 89' lang='lat' dir='ltr'>quod</span> 
     </span>
     <span class='ocr_line' id='line_1_10' title="bbox 111 1175 1129 1255; baseline 0.002 -19"><span class='ocrx_word' id='word_1_62' title='bbox 111 1177 329 1255; x_wconf 83' lang='lat' dir='ltr'>suffragium</span> <span class='ocrx_word' id='word_1_63' title='bbox 347 1198 415 1237; x_wconf 92' lang='lat' dir='ltr'>non</span> <span class='ocrx_word' id='word_1_64' title='bbox 438 1178 571 1253; x_wconf 77' lang='lat' dir='ltr'>ferant,</span> <span class='ocrx_word' id='word_1_65' title='bbox 596 1179 689 1254; x_wconf 91' lang='lat' dir='ltr'>quod</span> <span class='ocrx_word' id='word_1_66' title='bbox 705 1177 769 1255; x_wconf 90' lang='lat' dir='ltr'>per</span> <span class='ocrx_word' id='word_1_67' title='bbox 786 1182 930 1253; x_wconf 89' lang='lat' dir='ltr'>pontem</span> <span class='ocrx_word' id='word_1_68' title='bbox 952 1175 1129 1238; x_wconf 86' lang='lat' dir='ltr'>ferebant.</span> 
     </span>
    </p>
   </div>
   <div class='ocr_carea' id='block_1_5' title="bbox 110 1294 1130 1648">
    <p class='ocr_par' dir='ltr' id='par_1_6' title="bbox 110 1294 1130 1648">
     <span class='ocr_line' id='line_1_11' title="bbox 182 1294 1130 1364; baseline -0.001 -16"><span class='ocrx_word' id='word_1_69' title='bbox 182 1295 257 1348; x_wconf 77' lang='lat' dir='ltr'>Noe.</span> <span class='ocrx_word' id='word_1_70' title='bbox 274 1311 302 1361; x_wconf 79' lang='lat' dir='ltr'>p.</span> <span class='ocrx_word' id='word_1_71' title='bbox 318 1298 381 1361; x_wconf 82' lang='lat'>523,</span> <span class='ocrx_word' id='word_1_72' title='bbox 394 1297 432 1348; x_wconf 78' lang='lat'>22</span> <span class='ocrx_word' id='word_1_73' title='bbox 455 1295 651 1364; x_wconf 72' lang='lat' dir='ltr'>sexagenarios</span> <span class='ocrx_word' id='word_1_74' title='bbox 674 1311 725 1362; x_wconf 88' lang='lat' dir='ltr'>per</span> <span class='ocrx_word' id='word_1_75' title='bbox 746 1295 861 1362; x_wconf 88' lang='lat' dir='ltr'>pontem</span> <span class='ocrx_word' id='word_1_76' title='bbox 883 1294 1036 1349; x_wconf 89' lang='lat' dir='ltr'>mittendos</span> <span class='ocrx_word' id='word_1_77' title='bbox 1054 1294 1130 1348; x_wconf 90' lang='lat' dir='ltr'>male</span> 
     </span>
     <span class='ocr_line' id='line_1_12' title="bbox 112 1363 1130 1434; baseline 0.003 -18"><span class='ocrx_word' id='word_1_78' title='bbox 112 1363 161 1417; x_wconf 93' lang='lat' dir='ltr'>diu</span> <span class='ocrx_word' id='word_1_79' title='bbox 179 1365 354 1433; x_wconf 74' lang='lat' dir='ltr'>popularitas</span> <span class='ocrx_word' id='word_1_80' title='bbox 377 1364 530 1430; x_wconf 84' lang='lat' dir='ltr'>intellexit,</span> <span class='ocrx_word' id='word_1_81' title='bbox 554 1382 618 1420; x_wconf 87' lang='lat' dir='ltr'>cum</span> <span class='ocrx_word' id='word_1_82' title='bbox 637 1364 724 1420; x_wconf 90' lang='lat' dir='ltr'>Varro</span> <span class='ocrx_word' id='word_1_83' title='bbox 748 1365 783 1419; x_wconf 90' lang='lat' dir='ltr'>de</span> <span class='ocrx_word' id='word_1_84' title='bbox 806 1364 867 1418; x_wconf 88' lang='lat' dir='ltr'>vita</span> <span class='ocrx_word' id='word_1_85' title='bbox 889 1365 988 1434; x_wconf 90' lang='lat' dir='ltr'>populi</span> <span class='ocrx_word' id='word_1_86' title='bbox 1008 1365 1130 1420; x_wconf 88' lang='lat' dir='ltr'>Romani</span> 
     </span>
     <span class='ocr_line' id='line_1_13' title="bbox 110 1433 1130 1506; baseline 0.003 -19"><span class='ocrx_word' id='word_1_87' title='bbox 110 1433 160 1490; x_wconf 93' lang='lat' dir='ltr'>lib.</span> <span class='ocrx_word' id='word_1_88' title='bbox 170 1435 197 1488; x_wconf 89' lang='lat' dir='ltr'>H</span> <span class='ocrx_word' id='word_1_89' title='bbox 210 1435 356 1489; x_wconf 84' lang='lat' dir='ltr'>honestam</span> <span class='ocrx_word' id='word_1_90' title='bbox 371 1453 484 1490; x_wconf 88' lang='lat' dir='ltr'>causam</span> <span class='ocrx_word' id='word_1_91' title='bbox 498 1435 715 1506; x_wconf 79' lang='lat' dir='ltr'>religiosamque</span> <span class='ocrx_word' id='word_1_92' title='bbox 729 1435 908 1504; x_wconf 83' lang='lat' dir='ltr'>patefecerit:</span> <span class='ocrx_word' id='word_1_93' title='bbox 927 1462 978 1491; x_wconf 77' lang='lat' dir='ltr'>eum</span> <span class='ocrx_word' id='word_1_94' title='bbox 987 1451 1130 1491; x_wconf 74' lang='lat' dir='ltr'>-feresene</span> 
     </span>
     <span class='ocr_line' id='line_1_14' title="bbox 110 1507 1129 1576; baseline 0.003 -15"><span class='ocrx_word' id='word_1_95' title='bbox 110 1507 145 1573; x_wconf 81' lang='lat' dir='ltr'>cf.</span> <span class='ocrx_word' id='word_1_96' title='bbox 166 1507 269 1561; x_wconf 74' lang='lat' dir='ltr'>Marcel.</span> <span class='ocrx_word' id='word_1_97' title='bbox 287 1508 324 1573; x_wconf 76' lang='lat' dir='ltr'>fr.</span> <span class='ocrx_word' id='word_1_98' title='bbox 340 1512 364 1562; x_wconf 91' lang='lat'>3.</span> <span class='ocrx_word' id='word_1_99' title='bbox 395 1509 473 1562; x_wconf 81' lang='lat' dir='ltr'>Varr.</span> <span class='ocrx_word' id='word_1_100' title='bbox 492 1513 544 1562; x_wconf 86' lang='lat' dir='ltr'>eat.</span> <span class='ocrx_word' id='word_1_101' title='bbox 564 1512 616 1562; x_wconf 77' lang='lat'>494</span> <span class='ocrx_word' id='word_1_102' title='bbox 631 1509 700 1563; x_wconf 81' lang='lat' dir='ltr'>Rue.</span> <span class='ocrx_word' id='word_1_103' title='bbox 721 1508 775 1562; x_wconf 75' lang='lat' dir='ltr'>cic.</span> <span class='ocrx_word' id='word_1_104' title='bbox 792 1524 844 1576; x_wconf 76' lang='lat' dir='ltr'>pro</span> <span class='ocrx_word' id='word_1_105' title='bbox 864 1509 943 1563; x_wconf 83' lang='lat' dir='ltr'>Rosc.</span> <span class='ocrx_word' id='word_1_106' title='bbox 958 1512 1019 1562; x_wconf 87' lang='lat'><strong><em>100.</em></strong></span> <span class='ocrx_word' id='word_1_107' title='bbox 1050 1509 1129 1564; x_wconf 80' lang='lat' dir='ltr'>Ocid.</span> 
     </span>
     <span class='ocr_line' id='line_1_15' title="bbox 110 1578 1129 1648; baseline 0.001 -15"><span class='ocrx_word' id='word_1_108' title='bbox 110 1578 176 1643; x_wconf 81' lang='lat' dir='ltr'>fast.</span> <span class='ocrx_word' id='word_1_109' title='bbox 188 1583 214 1644; x_wconf 87' lang='lat'>5,</span> <span class='ocrx_word' id='word_1_110' title='bbox 224 1582 286 1633; x_wconf 83' lang='lat'><em>625.</em></span> <span class='ocrx_word' id='word_1_111' title='bbox 302 1579 381 1633; x_wconf 73' lang='lat' dir='ltr'>Stare.</span> <span class='ocrx_word' id='word_1_112' title='bbox 394 1579 460 1647; x_wconf 81' lang='lat' dir='ltr'>Cap.</span> <span class='ocrx_word' id='word_1_113' title='bbox 470 1580 508 1645; x_wconf 80' lang='lat' dir='ltr'>fr.</span> <span class='ocrx_word' id='word_1_114' title='bbox 517 1583 563 1633; x_wconf 82' lang='lat'>21.</span> <span class='ocrx_word' id='word_1_115' title='bbox 579 1581 702 1634; x_wconf 85' lang='lat' dir='ltr'>Macrob.</span> <span class='ocrx_word' id='word_1_116' title='bbox 715 1585 740 1645; x_wconf 88' lang='lat'>1,</span> <span class='ocrx_word' id='word_1_117' title='bbox 750 1584 775 1644; x_wconf 88' lang='lat'>5,</span> <span class='ocrx_word' id='word_1_118' title='bbox 786 1584 827 1633; x_wconf 87' lang='lat'>10.</span> <span class='ocrx_word' id='word_1_119' title='bbox 843 1581 1129 1648; x_wconf 78' lang='lat' dir='ltr'>Plct.qeaest.1t.32.</span> 
     </span>
    </p>
   </div>
   <div class='ocr_carea' id='block_1_6' title="bbox 111 1702 1129 1843">
    <p class='ocr_par' dir='ltr' id='par_1_7' title="bbox 111 1702 1129 1843">
     <span class='ocr_line' id='line_1_16' title="bbox 182 1702 1129 1774; baseline 0.004 -20"><span class='ocrx_word' id='word_1_120' title='bbox 182 1708 199 1754; x_wconf 88' lang='grc'>4</span> <span class='ocrx_word' id='word_1_121' title='bbox 222 1702 381 1773; x_wconf 87' lang='lat' dir='ltr'>proverbio:</span> <span class='ocrx_word' id='word_1_122' title='bbox 405 1704 648 1758; x_wconf 72' lang='grc'><em>5515511171</em></span> <span class='ocrx_word' id='word_1_123' title='bbox 738 1703 847 1757; x_wconf 86' lang='lat' dir='ltr'>venisse</span> <span class='ocrx_word' id='word_1_124' title='bbox 870 1720 899 1756; x_wconf 92' lang='lat' dir='ltr'>se</span> <span class='ocrx_word' id='word_1_125' title='bbox 922 1703 1013 1774; x_wconf 73' lang='lat' dir='ltr'>Luget.</span> <span class='ocrx_word' id='word_1_126' title='bbox 1038 1705 1129 1772; x_wconf 82' lang='lat' dir='ltr'>(Voss.</span> 
     </span>
     <span class='ocr_line' id='line_1_17' title="bbox 111 1774 808 1843; baseline 0 -14"><span class='ocrx_word' id='word_1_127' title='bbox 111 1776 175 1829; x_wconf 79' lang='lat' dir='ltr'>Lat.</span> <span class='ocrx_word' id='word_1_128' title='bbox 191 1774 221 1827; x_wconf 79' lang='lat' dir='ltr'><em>F</em></span> <span class='ocrx_word' id='word_1_129' title='bbox 238 1777 283 1843; x_wconf 80' lang='lat'>73)</span> <span class='ocrx_word' id='word_1_130' title='bbox 357 1780 372 1827; x_wconf 82' lang='lat'>5</span> <span class='ocrx_word' id='word_1_131' title='bbox 391 1774 421 1828; x_wconf 90' lang='lat' dir='ltr'>id</span> <span class='ocrx_word' id='word_1_132' title='bbox 441 1776 483 1828; x_wconf 90' lang='lat' dir='ltr'>est</span> <span class='ocrx_word' id='word_1_133' title='bbox 501 1774 574 1828; x_wconf 86' lang='lat' dir='ltr'>deici</span> <span class='ocrx_word' id='word_1_134' title='bbox 593 1793 637 1843; x_wconf 90' lang='lat' dir='ltr'>op.</span> <span class='ocrx_word' id='word_1_135' title='bbox 657 1775 808 1829; x_wconf 79' lang='lat' dir='ltr'>LMeeeller</span> 
     </span>
    </p>
   </div>
   <div class='ocr_carea' id='block_1_7' title="bbox 352 1929 699 2057">
    <p class='ocr_par' dir='ltr' id='par_1_8' title="bbox 352 1929 699 2057">
     <span class='ocr_line' id='line_1_18' title="bbox 352 1929 699 2057; baseline -0.006 -20"><span class='ocrx_word' id='word_1_136' title='bbox 352 1929 354 1932; x_wconf 49' lang='grc'>’</span> <span class='ocrx_word' id='word_1_137' title='bbox 458 2000 460 2002; x_wconf 91' lang='grc'>-</span> <span class='ocrx_word' id='word_1_138' title='bbox 538 1972 699 2057; x_wconf 82' lang='lat'><strong><em>211[10]</em></strong></span> 
     </span>
    </p>
   </div>
   <div class='ocr_carea' id='block_1_8' title="bbox 83 2092 1128 2613">
    <p class='ocr_par' dir='ltr' id='par_1_9' title="bbox 110 2092 1128 2436">
     <span class='ocr_line' id='line_1_19' title="bbox 177 2092 1128 2170; baseline -0.001 -18"><span class='ocrx_word' id='word_1_139' title='bbox 177 2095 195 2152; x_wconf 82' lang='lat' dir='ltr'>l.</span> <span class='ocrx_word' id='word_1_140' title='bbox 214 2095 281 2152; x_wconf 90' lang='lat' dir='ltr'><em>III.</em></span> <span class='ocrx_word' id='word_1_141' title='bbox 324 2094 385 2168; x_wconf 91' lang='lat' dir='ltr'>qui</span> <span class='ocrx_word' id='word_1_142' title='bbox 408 2093 448 2151; x_wconf 89' lang='lat' dir='ltr'>de</span> <span class='ocrx_word' id='word_1_143' title='bbox 472 2094 685 2170; x_wconf 82' lang='lat' dir='ltr'>ascriptivis</span> <span class='ocrx_word' id='word_1_144' title='bbox 714 2111 789 2151; x_wconf 89' lang='lat' dir='ltr'>cum</span> <span class='ocrx_word' id='word_1_145' title='bbox 817 2096 921 2151; x_wconf 87' lang='lat' dir='ltr'>erant</span> <span class='ocrx_word' id='word_1_146' title='bbox 948 2092 1128 2152; x_wconf 85' lang='lat' dir='ltr'>adtributi</span> 
     </span>
     <span class='ocr_line' id='line_1_20' title="bbox 110 2182 1128 2256; baseline 0.002 -16"><span class='ocrx_word' id='word_1_147' title='bbox 110 2182 366 2241; x_wconf 79' lang='lat' dir='ltr'>decurionibus</span> <span class='ocrx_word' id='word_1_148' title='bbox 390 2185 425 2241; x_wconf 92' lang='lat' dir='ltr'>et</span> <span class='ocrx_word' id='word_1_149' title='bbox 448 2182 736 2256; x_wconf 88' lang='lat' dir='ltr'>centurionibus,</span> <span class='ocrx_word' id='word_1_150' title='bbox 765 2185 825 2256; x_wconf 92' lang='lat' dir='ltr'>qui</span> <span class='ocrx_word' id='word_1_151' title='bbox 849 2200 968 2239; x_wconf 90' lang='lat' dir='ltr'>eorum</span> <span class='ocrx_word' id='word_1_152' title='bbox 995 2182 1128 2241; x_wconf 86' lang='lat' dir='ltr'>habent</span> 
     </span>
     <span class='ocr_line' id='line_1_21' title="bbox 110 2270 1127 2347; baseline -0.001 -17"><span class='ocrx_word' id='word_1_153' title='bbox 110 2291 305 2343; x_wconf 89' lang='lat' dir='ltr'>numerum,</span> <span class='ocrx_word' id='word_1_154' title='bbox 330 2272 471 2330; x_wconf 85' lang='lat' dir='ltr'>accensi</span> <span class='ocrx_word' id='word_1_155' title='bbox 489 2271 721 2330; x_wconf 83' lang='lat' dir='ltr'>vocabantur.</span> <span class='ocrx_word' id='word_1_156' title='bbox 759 2270 900 2330; x_wconf 87' lang='lat' dir='ltr'>eosdem</span> <span class='ocrx_word' id='word_1_157' title='bbox 919 2271 1029 2328; x_wconf 90' lang='lat' dir='ltr'>etiam</span> <span class='ocrx_word' id='word_1_158' title='bbox 1048 2274 1127 2347; x_wconf 90' lang='lat' dir='ltr'>qui·</span> 
     </span>
     <span class='ocr_line' id='line_1_22' title="bbox 111 2359 1127 2436; baseline 0 -18"><span class='ocrx_word' id='word_1_159' title='bbox 111 2360 189 2420; x_wconf 91' lang='lat' dir='ltr'>dam</span> <span class='ocrx_word' id='word_1_160' title='bbox 212 2361 391 2419; x_wconf 86' lang='lat' dir='ltr'>vocabant</span> <span class='ocrx_word' id='word_1_161' title='bbox 418 2361 651 2436; x_wconf 89' lang='lat' dir='ltr'>ferentarios,</span> <span class='ocrx_word' id='word_1_162' title='bbox 683 2359 743 2435; x_wconf 93' lang='lat' dir='ltr'>qui</span> <span class='ocrx_word' id='word_1_163' title='bbox 767 2359 1024 2436; x_wconf 86' lang='lat' dir='ltr'>depugnabant</span> <span class='ocrx_word' id='word_1_164' title='bbox 1046 2360 1127 2418; x_wconf 84' lang='lat' dir='ltr'>fun-</span> 
     </span>
    </p>

    <p class='ocr_par' dir='ltr' id='par_1_10' title="bbox 83 2449 1128 2613">
     <span class='ocr_line' id='line_1_23' title="bbox 83 2449 1128 2525; baseline 0.004 -21"><span class='ocrx_word' id='word_1_165' title='bbox 83 2449 164 2507; x_wconf 85' lang='lat' dir='ltr'>sdis</span> <span class='ocrx_word' id='word_1_166' title='bbox 193 2453 228 2508; x_wconf 89' lang='lat' dir='ltr'>et</span> <span class='ocrx_word' id='word_1_167' title='bbox 257 2449 456 2525; x_wconf 86' lang='lat' dir='ltr'>lapidibus,</span> <span class='ocrx_word' id='word_1_168' title='bbox 488 2449 542 2508; x_wconf 90' lang='lat' dir='ltr'>his</span> <span class='ocrx_word' id='word_1_169' title='bbox 574 2450 682 2507; x_wconf 89' lang='lat' dir='ltr'>armis</span> <span class='ocrx_word' id='word_1_170' title='bbox 714 2468 802 2523; x_wconf 91' lang='lat' dir='ltr'>quae</span> <span class='ocrx_word' id='word_1_171' title='bbox 831 2449 1028 2522; x_wconf 84' lang='lat' dir='ltr'>ferrentur,</span> <span class='ocrx_word' id='word_1_172' title='bbox 1058 2468 1128 2508; x_wconf 88' lang='lat' dir='ltr'>non</span> 
     </span>
     <span class='ocr_line' id='line_1_24' title="bbox 110 2541 440 2613; baseline 0.006 -18"><span class='ocrx_word' id='word_1_173' title='bbox 110 2556 199 2613; x_wconf 90' lang='lat' dir='ltr'>quae</span> <span class='ocrx_word' id='word_1_174' title='bbox 222 2541 440 2597; x_wconf 89' lang='lat' dir='ltr'>tenerentur.</span> 
     </span>
    </p>
   </div>
   <div class='ocr_carea' id='block_1_9' title="bbox 101 2654 1129 3578">
    <p class='ocr_par' dir='ltr' id='par_1_11' title="bbox 101 2654 1129 3578">
     <span class='ocr_line' id='line_1_25' title="bbox 181 2654 1128 2723; baseline 0 -16"><span class='ocrx_word' id='word_1_175' title='bbox 181 2654 255 2710; x_wconf 77' lang='lat' dir='ltr'>Noe.</span> <span class='ocrx_word' id='word_1_176' title='bbox 269 2672 298 2723; x_wconf 81' lang='lat' dir='ltr'>p.</span> <span class='ocrx_word' id='word_1_177' title='bbox 314 2659 408 2720; x_wconf 81' lang='lat'>520,5</span> <span class='ocrx_word' id='word_1_178' title='bbox 427 2654 592 2708; x_wconf 89' lang='lat' dir='ltr'>decuriones</span> <span class='ocrx_word' id='word_1_179' title='bbox 612 2654 640 2706; x_wconf 90' lang='lat' dir='ltr'>et</span> <span class='ocrx_word' id='word_1_180' title='bbox 659 2654 835 2707; x_wconf 86' lang='lat' dir='ltr'>centuriones</span> <span class='ocrx_word' id='word_1_181' title='bbox 854 2671 871 2705; x_wconf 85' lang='lat' dir='ltr'>a</span> <span class='ocrx_word' id='word_1_182' title='bbox 888 2669 1012 2720; x_wconf 92' lang='lat' dir='ltr'>numero,</span> <span class='ocrx_word' id='word_1_183' title='bbox 1033 2654 1078 2707; x_wconf 92' lang='lat' dir='ltr'>eui</span> <span class='ocrx_word' id='word_1_184' title='bbox 1097 2655 1128 2707; x_wconf 88' lang='lat' dir='ltr'>in</span> 
     </span>
     <span class='ocr_line' id='line_1_26' title="bbox 109 2723 1129 2792; baseline 0 -14"><span class='ocrx_word' id='word_1_185' title='bbox 109 2724 214 2778; x_wconf 90' lang='lat' dir='ltr'>militia</span> <span class='ocrx_word' id='word_1_186' title='bbox 232 2727 392 2792; x_wconf 87' lang='lat' dir='ltr'>praeerant,</span> <span class='ocrx_word' id='word_1_187' title='bbox 417 2724 594 2791; x_wconf 85' lang='lat' dir='ltr'>dicebantur;</span> <span class='ocrx_word' id='word_1_188' title='bbox 621 2725 744 2790; x_wconf 84' lang='lat' dir='ltr'>accensi,</span> <span class='ocrx_word' id='word_1_189' title='bbox 768 2725 817 2791; x_wconf 89' lang='lat' dir='ltr'>qui</span> <span class='ocrx_word' id='word_1_190' title='bbox 840 2723 883 2776; x_wconf 90' lang='lat' dir='ltr'>his</span> <span class='ocrx_word' id='word_1_191' title='bbox 907 2724 1129 2778; x_wconf 86' lang='lat' dir='ltr'>accensebantur</span> 
     </span>
     <span class='ocr_line' id='line_1_27' title="bbox 108 2794 1128 2864; baseline 0.002 -16"><span class='ocrx_word' id='word_1_192' title='bbox 108 2795 140 2848; x_wconf 92' lang='lat' dir='ltr'>id</span> <span class='ocrx_word' id='word_1_193' title='bbox 163 2798 206 2849; x_wconf 90' lang='lat' dir='ltr'>est</span> <span class='ocrx_word' id='word_1_194' title='bbox 230 2796 470 2850; x_wconf 85' lang='lat' dir='ltr'>adtribuebantur.</span> <span class='ocrx_word' id='word_1_195' title='bbox 508 2795 596 2850; x_wconf 86' lang='lat' dir='ltr'>Varro</span> <span class='ocrx_word' id='word_1_196' title='bbox 620 2795 655 2851; x_wconf 88' lang='lat' dir='ltr'>de</span> <span class='ocrx_word' id='word_1_197' title='bbox 678 2796 737 2849; x_wconf 86' lang='lat' dir='ltr'>vita</span> <span class='ocrx_word' id='word_1_198' title='bbox 759 2795 857 2864; x_wconf 90' lang='lat' dir='ltr'>populi</span> <span class='ocrx_word' id='word_1_199' title='bbox 881 2795 999 2849; x_wconf 87' lang='lat' dir='ltr'>Romani</span> <span class='ocrx_word' id='word_1_200' title='bbox 1024 2794 1073 2850; x_wconf 88' lang='lat' dir='ltr'>lib.</span> <span class='ocrx_word' id='word_1_201' title='bbox 1088 2796 1128 2850; x_wconf 91' lang='grc' dir='ltr'>ΙΠ</span> 
     </span>
     <span class='ocr_line' id='line_1_28' title="bbox 109 2867 1125 2938; baseline 0 -18"><span class='ocrx_word' id='word_1_202' title='bbox 109 2867 173 2938; x_wconf 82' lang='lat' dir='ltr'>[IIII</span> <span class='ocrx_word' id='word_1_203' title='bbox 192 2869 286 2922; x_wconf 74' lang='lat' dir='ltr'>Escor.</span> <span class='ocrx_word' id='word_1_204' title='bbox 307 2875 333 2921; x_wconf 77' lang='lat' dir='ltr'>et</span> <span class='ocrx_word' id='word_1_205' title='bbox 351 2869 442 2921; x_wconf 70' lang='lat' dir='ltr'>Paris.</span> <span class='ocrx_word' id='word_1_206' title='bbox 464 2868 527 2921; x_wconf 79' lang='lat' dir='ltr'>Lat.</span> <span class='ocrx_word' id='word_1_207' title='bbox 543 2867 641 2938; x_wconf 77' lang='lat'><strong><em>7667]:</em></strong></span> <span class='ocrx_word' id='word_1_208' title='bbox 661 2881 782 2930; x_wconf 84' lang='lat' dir='ltr'>quide-</span> <span class='ocrx_word' id='word_1_209' title='bbox 796 2884 931 2921; x_wconf 85' lang='lat' dir='ltr'>tenerentur.</span> <span class='ocrx_word' id='word_1_210' title='bbox 952 2868 1035 2921; x_wconf 75' lang='lat' dir='ltr'>Paul.</span> <span class='ocrx_word' id='word_1_211' title='bbox 1051 2867 1125 2922; x_wconf 72' lang='lat' dir='ltr'>Fest.</span> 
     </span>
     <span class='ocr_line' id='line_1_29' title="bbox 105 2936 1128 3011; baseline 0.002 -19"><span class='ocrx_word' id='word_1_212' title='bbox 105 2957 134 3007; x_wconf 81' lang='lat' dir='ltr'>p.</span> <span class='ocrx_word' id='word_1_213' title='bbox 158 2942 204 3005; x_wconf 78' lang='lat'>14,</span> <span class='ocrx_word' id='word_1_214' title='bbox 230 2943 264 2992; x_wconf 89' lang='grc'>13</span> <span class='ocrx_word' id='word_1_215' title='bbox 292 2937 479 3006; x_wconf 82' lang='lat' dir='ltr'>adscripticii,</span> <span class='ocrx_word' id='word_1_216' title='bbox 506 2937 549 2990; x_wconf 92' lang='lat' dir='ltr'>vel</span> <span class='ocrx_word' id='word_1_217' title='bbox 575 2937 617 2990; x_wconf 91' lang='lat' dir='ltr'>uti</span> <span class='ocrx_word' id='word_1_218' title='bbox 643 2936 759 3005; x_wconf 88' lang='lat' dir='ltr'>quidam</span> <span class='ocrx_word' id='word_1_219' title='bbox 786 2936 1040 3011; x_wconf 80' lang='lat' dir='ltr'>&lt;ad&gt;scripti&lt;vi&gt;</span> <span class='ocrx_word' id='word_1_220' title='bbox 1077 2940 1128 3010; x_wconf 81' lang='lat' dir='ltr'>[sic</span> 
     </span>
     <span class='ocr_line' id='line_1_30' title="bbox 109 3008 1127 3079; baseline 0 -16"><span class='ocrx_word' id='word_1_221' title='bbox 109 3010 292 3064; x_wconf 73' lang='lat' dir='ltr'>Reitzenstein</span> <span class='ocrx_word' id='word_1_222' title='bbox 317 3012 374 3064; x_wconf 81' lang='lat' dir='ltr'>coll.</span> <span class='ocrx_word' id='word_1_223' title='bbox 402 3011 489 3075; x_wconf 74' lang='lat' dir='ltr'>Nora,</span> <span class='ocrx_word' id='word_1_224' title='bbox 517 3011 590 3063; x_wconf 79' lang='lat' dir='ltr'>Verr.</span> <span class='ocrx_word' id='word_1_225' title='bbox 616 3009 728 3064; x_wconf 76' lang='lat' dir='ltr'>Ferret.</span> <span class='ocrx_word' id='word_1_226' title='bbox 748 3027 778 3076; x_wconf 88' lang='lat' dir='ltr'>p.</span> <span class='ocrx_word' id='word_1_227' title='bbox 798 3009 845 3079; x_wconf 87' lang='lat'>31]</span> <span class='ocrx_word' id='word_1_228' title='bbox 872 3008 1051 3074; x_wconf 87' lang='lat' dir='ltr'>dicebantur,</span> <span class='ocrx_word' id='word_1_229' title='bbox 1078 3011 1127 3078; x_wconf 90' lang='lat' dir='ltr'>qui</span> 
     </span>
     <span class='ocr_line' id='line_1_31' title="bbox 109 3079 1126 3205; baseline 0.002 -71"><span class='ocrx_word' id='word_1_230' title='bbox 109 3080 283 3205; x_wconf 45' lang='lat' dir='ltr'>{applaudit1</span> <span class='ocrx_word' id='word_1_231' title='bbox 300 3080 459 3161; x_wconf 76' lang='lat' dir='ltr'>legionibus</span> <span class='ocrx_word' id='word_1_232' title='bbox 486 3079 726 3134; x_wconf 87' lang='lat' dir='ltr'>adscribebantur.</span> <span class='ocrx_word' id='word_1_233' title='bbox 764 3080 814 3202; x_wconf 68' lang='lat' dir='ltr'>lips</span> <span class='ocrx_word' id='word_1_234' title='bbox 841 3082 870 3162; x_wconf 79' lang='lat' dir='ltr'>et</span> <span class='ocrx_word' id='word_1_235' title='bbox 893 3096 1025 3162; x_wconf 75' lang='lat' dir='ltr'>accensos</span> <span class='ocrx_word' id='word_1_236' title='bbox 1052 3081 1126 3135; x_wconf 89' lang='lat' dir='ltr'>dice·</span> 
     </span>
     <span class='ocr_line' id='line_1_32' title="bbox 108 3152 1127 3293; baseline 0.001 -18"><span class='ocrx_word' id='word_1_237' title='bbox 108 3152 1127 3293; x_wconf 53' lang='grc'><em>51,555115555555515515555</em></span> 
     </span>
     <span class='ocr_line' id='line_1_33' title="bbox 109 3292 1127 3362; baseline 0.002 -16"><span class='ocrx_word' id='word_1_238' title='bbox 109 3293 289 3359; x_wconf 80' lang='lat' dir='ltr'>ferentarios,</span> <span class='ocrx_word' id='word_1_239' title='bbox 308 3294 384 3361; x_wconf 89' lang='lat' dir='ltr'>quod</span> <span class='ocrx_word' id='word_1_240' title='bbox 402 3293 497 3346; x_wconf 88' lang='lat' dir='ltr'>fundis</span> <span class='ocrx_word' id='word_1_241' title='bbox 516 3293 715 3362; x_wconf 89' lang='lat' dir='ltr'>lapidibusque</span> <span class='ocrx_word' id='word_1_242' title='bbox 733 3292 898 3361; x_wconf 80' lang='lat' dir='ltr'>praeliaturi</span> <span class='ocrx_word' id='word_1_243' title='bbox 918 3309 951 3346; x_wconf 90' lang='lat' dir='ltr'>ea</span> <span class='ocrx_word' id='word_1_244' title='bbox 969 3293 1052 3348; x_wconf 91' lang='lat' dir='ltr'>modo</span> <span class='ocrx_word' id='word_1_245' title='bbox 1072 3294 1127 3348; x_wconf 89' lang='lat' dir='ltr'>fer-</span> 
     </span>
     <span class='ocr_line' id='line_1_34' title="bbox 107 3365 1126 3433; baseline -0.002 -12"><span class='ocrx_word' id='word_1_246' title='bbox 107 3367 182 3428; x_wconf 86' lang='lat' dir='ltr'>rent,</span> <span class='ocrx_word' id='word_1_247' title='bbox 208 3381 279 3433; x_wconf 90' lang='lat' dir='ltr'>quae</span> <span class='ocrx_word' id='word_1_248' title='bbox 302 3365 332 3418; x_wconf 90' lang='lat' dir='ltr'>in</span> <span class='ocrx_word' id='word_1_249' title='bbox 355 3366 449 3419; x_wconf 89' lang='lat' dir='ltr'>hostes</span> <span class='ocrx_word' id='word_1_250' title='bbox 470 3365 602 3419; x_wconf 85' lang='lat' dir='ltr'>iacerent.</span> <span class='ocrx_word' id='word_1_251' title='bbox 639 3365 744 3418; x_wconf 74' lang='grc'><em>555155</em></span> <span class='ocrx_word' id='word_1_252' title='bbox 759 3365 872 3419; x_wconf 79' lang='lat' dir='ltr'>Verrius</span> <span class='ocrx_word' id='word_1_253' title='bbox 885 3381 915 3432; x_wconf 80' lang='lat' dir='ltr'>p.</span> <span class='ocrx_word' id='word_1_254' title='bbox 931 3368 976 3430; x_wconf 79' lang='lat'>18,</span> <span class='ocrx_word' id='word_1_255' title='bbox 992 3369 1017 3418; x_wconf 85' lang='lat'>6.</span> <span class='ocrx_word' id='word_1_256' title='bbox 1038 3369 1084 3432; x_wconf 78' lang='lat'>85,</span> <span class='ocrx_word' id='word_1_257' title='bbox 1101 3370 1126 3419; x_wconf 88' lang='grc'>7.</span> 
     </span>
     <span class='ocr_line' id='line_1_35' title="bbox 108 3436 1127 3505; baseline -0.001 -15"><span class='ocrx_word' id='word_1_258' title='bbox 108 3441 173 3502; x_wconf 82' lang='lat'>369,</span> <span class='ocrx_word' id='word_1_259' title='bbox 190 3442 215 3503; x_wconf 82' lang='grc'>,4,</span> <span class='ocrx_word' id='word_1_260' title='bbox 239 3453 307 3505; x_wconf 80' lang='lat' dir='ltr'>quae</span> <span class='ocrx_word' id='word_1_261' title='bbox 325 3439 472 3491; x_wconf 68' lang='grc'><em>5555815</em></span> <span class='ocrx_word' id='word_1_262' title='bbox 491 3438 535 3491; x_wconf 92' lang='lat' dir='ltr'>De</span> <span class='ocrx_word' id='word_1_263' title='bbox 553 3439 570 3491; x_wconf 83' lang='lat' dir='ltr'>l.</span> <span class='ocrx_word' id='word_1_264' title='bbox 586 3437 620 3490; x_wconf 88' lang='lat' dir='ltr'>L.</span> <span class='ocrx_word' id='word_1_265' title='bbox 637 3439 663 3501; x_wconf 88' lang='lat'>7,</span> <span class='ocrx_word' id='word_1_266' title='bbox 678 3440 721 3490; x_wconf 83' lang='lat'>56.</span> <span class='ocrx_word' id='word_1_267' title='bbox 738 3439 781 3489; x_wconf 83' lang='lat'>57.</span> <span class='ocrx_word' id='word_1_268' title='bbox 798 3440 834 3490; x_wconf 84' lang='grc'>58</span> <span class='ocrx_word' id='word_1_269' title='bbox 852 3436 1014 3490; x_wconf 74' lang='lat' dir='ltr'>tacebimus.</span> <span class='ocrx_word' id='word_1_270' title='bbox 1057 3439 1127 3504; x_wconf 78' lang='lat' dir='ltr'>quta</span> 
     </span>
     <span class='ocr_line' id='line_1_36' title="bbox 101 3507 1127 3578; baseline 0.004 -19"><span class='ocrx_word' id='word_1_271' title='bbox 101 3525 166 3560; x_wconf 74' lang='lat' dir='ltr'>erro</span> <span class='ocrx_word' id='word_1_272' title='bbox 182 3507 417 3564; x_wconf 68' lang='lat' dir='ltr'>meerlr&#39;bre</span> <span class='ocrx_word' id='word_1_273' title='bbox 426 3509 534 3564; x_wconf 90' lang='lat' dir='ltr'>IIIDe</span> <span class='ocrx_word' id='word_1_274' title='bbox 543 3509 601 3563; x_wconf 80' lang='lat' dir='ltr'>cita</span> <span class='ocrx_word' id='word_1_275' title='bbox 613 3525 642 3578; x_wconf 83' lang='lat' dir='ltr'>p.</span> <span class='ocrx_word' id='word_1_276' title='bbox 651 3509 687 3563; x_wconf 86' lang='lat' dir='ltr'>R.</span> <span class='ocrx_word' id='word_1_277' title='bbox 698 3508 916 3574; x_wconf 62' lang='grc'><em>5555555555</em></span> <span class='ocrx_word' id='word_1_278' title='bbox 926 3508 980 3572; x_wconf 72' lang='lat' dir='ltr'>fere</span> <span class='ocrx_word' id='word_1_279' title='bbox 990 3508 1127 3563; x_wconf 80' lang='lat' dir='ltr'>dubitatio</span> 
     </span>
    </p>
   </div>
   <div class='ocr_carea' id='block_1_10' title="bbox 81 3579 900 3652">
    <p class='ocr_par' dir='ltr' id='par_1_12' title="bbox 81 3579 900 3652">
     <span class='ocr_line' id='line_1_37' title="bbox 81 3579 900 3652; baseline 0.027 -24"><span class='ocrx_word' id='word_1_280' title='bbox 81 3583 129 3629; x_wconf 72' lang='lat' dir='ltr'>eet.</span> <span class='ocrx_word' id='word_1_281' title='bbox 157 3579 199 3642; x_wconf 67' lang='lat' dir='ltr'>ess</span> <span class='ocrx_word' id='word_1_282' title='bbox 214 3579 797 3652; x_wconf 65' lang='grc'><em>5551555555.1515553085</em></span> <span class='ocrx_word' id='word_1_283' title='bbox 896 3614 900 3619; x_wconf 73' lang='grc'><em>“</em></span> 
     </span>
    </p>
   </div>
   <div class='ocr_carea' id='block_1_11' title="bbox 0 0 1216 3840">
    <p class='ocr_par' dir='ltr' id='par_1_13' title="bbox 0 0 1216 3840">
     <span class='ocr_line' id='line_1_38' title="bbox 0 0 1216 3840; baseline 0 1"><span class='ocrx_word' id='word_1_284' title='bbox 0 0 1216 3840; x_wconf 95' lang='lat' dir='ltr'> </span> 
     </span>
    </p>
   </div>
  </div>
 </body>
</html>
