2422 3840
87 123 131 186 24
271 122 479 176 Grammaticae
498 122 748 178 antevarronianae
767 123 926 192 fragmenta

85 283 134 336 sed
158 299 230 350 quac
253 283 409 352 gignuntur
432 283 528 336 statim
551 283 626 336 vieta
647 285 675 337 et
693 282 791 336 mollia
810 285 896 363 atque
915 283 944 335 in
963 282 1110 353 principio

85 355 151 406 suut
173 355 271 420 uvida,
296 371 352 407 non
376 356 487 407 matura
505 372 570 408 mox
588 355 659 408 fiunt
678 356 727 409 scd
746 355 849 423 patna.
886 354 1109 421 relinquendum

84 425 174 494 igitur
196 425 286 478 visum
310 428 352 478 est
375 425 405 478 in
428 425 555 495 ingenio,
580 427 654 493 quod
679 426 738 479 dies
762 428 847 493 atque
867 428 946 478 aetas
965 426 1107 481 mitificet.

85 496 196 621 cidttcst.
213 501 239 551 2.
258 498 325 552 baec
342 499 558 551 narratiuncula
577 500 693 553 Maraio
712 498 865 566 (11111143)
885 499 943 551 ueri
961 498 1110 553 dissimilis

85 585 113 621 ui
133 585 200 622 cur.

157 663 190 709 13
203 657 339 710 >molliora
360 658 432 712 Oisel
505 664 537 711 14
557 659 600 711 est
613 665 678 726 post
696 657 787 726 pomis
806 674 863 711 uou
882 659 955 712 ualli
973 658 1051 712 codd.

157 751 199 798 11.
219 747 437 812 Ρ1111.11.1ι.34,
457 752 491 801 19
510 748 639 799 notatum
658 747 693 799 ab
713 746 875 799 auctoribus
895 748 924 799 et
942 746 971 800 L.
987 746 1108 800 Accium

85 818 199 885 poetam
221 816 251 870 in
276 815 460 871 Camenarum
484 818 553 871 aedc
577 817 701 870 maxima
724 817 815 870 forma
838 819 962 870 statuam
981 818 1037 871 sibi
1056 836 1107 888 po-

85 889 186 955 suisse,
217 905 280 942 cum
302 887 394 942 brevis
418 889 570 942 admodum
594 889 702 942 fuisset.
740 889 774 954 cf.
794 889 885 942 Lucil.
904 889 939 954 fr.
956 893 1000 942 30.
1020 892 1107 944 simu·

86 960 193 1013 lacrum
233 960 371 1028 quoddam
412 962 492 1014 Accii
530 961 650 1015 creditur
691 965 783 1014 catara
821 961 991 1028 (Beruoullr',
1025 963 1106 1016 Rau.

87 1032 214 1101 llrouopr.
235 1036 260 1097 1,
273 1034 349 1101 289).

158 1137 171 1183 1
192 1129 303 1182 Attium
322 1130 364 1184 acl
381 1127 495 1182 Actium
514 1129 590 1183 codd.

86 1271 320 1328 SCRIPTORUM

155 1374 199 1424 12.
234 1371 299 1425 Vcll.
320 1371 382 1424 Pat.
403 1375 434 1435 1,
453 1373 488 1422 17
493 1375 536 1436 ,1
565 1367 594 1420 in
618 1369 703 1422 Accio
733 1368 862 1437 circaque
891 1385 955 1423 eum
977 1369 1106 1423 Romana

84 1441 267 1511 tragoedia
286 1442 336 1495 est.
374 1441 411 1494 id.
427 1445 454 1505 2,
469 1446 495 1504 9,
510 1445 526 1494 3
546 1439 622 1493 clara
641 1441 728 1493 etiam
746 1457 797 1509 per
813 1441 889 1495 idem
904 1441 966 1494 aevi
980 1442 1106 1509 spatium

84 1515 162 1566 tuere
186 1512 301 1582 ingenia
323 1512 353 1564 in
376 1511 483 1581 togatis
503 1510 627 1578 Afranii,
650 1512 680 1564 in
703 1512 856 1581 tragoediis
880 1512 994 1565 Pacuvii
1019 1514 1105 1580 atque

84 1584 171 1638 Accii.
211 1584 265 1638 Cic.
289 1600 342 1651 pro
368 1584 464 1638 Plauc.
481 1587 517 1636 59
543 1583 636 1652 gravis
660 1585 689 1636 et
711 1583 873 1652 ingeniosus
898 1586 985 1652 poeta
1009 1585 1046 1650 cf.
1067 1585 1105 1638 id.

80 1673 135 1725 pro
162 1657 228 1710 Sest.
258 1659 320 1708 120.
372 1662 440 1709 orat.
470 1658 514 1707 36.
565 1655 643 1708 acad.
673 1660 765 1720 1,10.
817 1655 953 1724 Hor-cp.
976 1659 1008 1720 2,
1024 1661 1054 1721 1,
1070 1659 1106 1709 56

86 1726 336 1795 aufertsPacuvius
363 1725 439 1779 docti
464 1724 570 1777 famam
596 1725 683 1792 senis,
712 1725 813 1778 Accius
838 1725 890 1778 alti
913 1726 1039 1780 Ps-Acro
1068 1727 1106 1780 ad

86 1799 190 1852 1111111.
210 1798 312 1851 Accius
332 1797 424 1850 iunior
443 1799 528 1865 poeta
547 1812 596 1849 suo
615 1796 730 1866 ingenio
748 1796 917 1864 praecelluit
931 1795 1107 1866 Euripidem,

85 1869 133 1936 qui
161 1868 217 1922 fuit
240 1868 314 1922 altus
338 1871 367 1922 et
390 1867 518 1921 sublimis
541 1867 664 1936 ingenio.
712 1869 782 1922 addc
806 1875 861 1923 test.
882 1872 907 1921 3.
927 1873 951 1922 6.
971 1873 996 1922 8.
1017 1873 1043 1922 9.
1060 1874 1104 1922 10.

88 1940 165 1994 Ouid.
194 1958 246 1995 ara.
271 1944 430 2005 1,15,19.
488 1941 591 1994 Vitruo.
616 1945 709 2005 9,16.
760 1941 835 1994 Pers.
861 1945 886 2005 1,
902 1943 946 1992 76.
1000 1940 1105 1994 Oolurn.

81 2012 232 2081 11111121,
270 2012 372 2065 Accius
390 2011 500 2077 scripsit
518 2016 543 2064 ct
556 2017 722 2079 praetextas.

157 2105 198 2154 13.
221 2099 404 2154 Annalium
427 2099 511 2151 libri
535 2106 719 2154 uicuorautur
742 2117 760 2153 a
782 2101 865 2154 Festo
889 2101 927 2168 (p.
946 2100 1032 2164 1461,
1061 2103 1106 2166 31,

86 2173 136 2225 ubi
153 2188 284 2225 uuucrus
298 2171 427 2225 XXVII
446 2170 645 2224 dubitatioueu
665 2175 759 2239 irroret)
782 2172 930 2226 Prisciauo
950 2172 1105 2225 Macrobio.

156 2265 199 2313 14.
223 2259 299 2313 Pliu.
323 2277 350 2312 u.
374 2260 399 2312 li.
419 2264 466 2324 18,
492 2263 548 2312 200
571 2257 673 2311 Accius
696 2258 726 2311 in
750 2259 933 2312 Praxidica
958 2260 995 2313 id.
1021 2260 1108 2313 iudea

88 2331 126 2384 ad
148 2333 221 2385 huuc
245 2331 261 2384 1.
282 2345 315 2382 ex
339 2330 424 2383 Accio
450 2331 499 2396 qui
522 2329 670 2383 Praxidica
697 2331 809 2399 scripsit
834 2332 866 2385 de
890 2333 973 2385 astris
999 2331 1107 2384 videtur

87 2403 155 2456 liber
173 2403 267 2467 fuisse,
291 2400 339 2455 scd
358 2401 390 2454 de
408 2403 442 2455 L.
458 2404 542 2455 Accio
561 2408 669 2455 auctore
688 2402 825 2456 dubitatio
844 2408 887 2455 cst.
925 2402 960 2467 cf.
982 2402 1107 2467 Orosius,

85 2474 327 2538 Pallaconta.
370 2473 559 2537 Witaraouita,
585 2473 700 2527 Hcrraes
719 2477 763 2538 34,
779 2478 840 2527 637.
877 2474 921 2526 bic
943 2472 1107 2525 Praxidicia

86 2545 171 2599 altero
191 2545 247 2598 loco
266 2545 437 2598 suibeudura
455 2560 509 2598 csse
527 2545 633 2598 conicit.

157 2637 201 2686 15.
220 2631 394 2700 Parergon
413 2631 497 2686 libri
516 2634 594 2687 seriel
612 2650 630 2685 a
648 2634 743 2686 Nouio
763 2634 800 2701 (p.
816 2637 860 2697 61,
875 2634 920 2701 19)
942 2634 1107 2700 laudantur,

87 2704 119 2757 de
130 2705 229 2771 auibus
238 2704 372 2758 audacior
381 2706 537 2757 couiectura
548 2704 690 2757 Ribbcclai
703 2704 755 2756 th.
768 2706 843 2758 Mus.
855 2708 888 2756 41
901 2705 996 2774 (1886)
1004 2722 1033 2772 p.
1043 2709 1106 2759 631.

157 2791 632 2846 16.Sotadicorumlibru1nia
643 2793 1106 2848 GellioetPrisciauomcutoratum

84 2865 184 2917 rectius
212 2881 230 2916 a
257 2864 446 2918 Didascalicis
473 2871 569 2918 coutra
597 2864 760 2917 Lacluuauu
789 2864 847 2933 (Kl.
868 2864 978 2930 Schrift.
998 2867 1029 2928 2,
1059 2868 1106 2934 69)

87 2936 207 3002 aliosque
225 2937 420 3002 separabimus.

156 3027 198 3076 17.
221 3023 274 3077 Cic.
290 3041 344 3092 pro
358 3026 440 3077 Arclr.
455 3028 493 3078 27
511 3023 642 3077 Decimus
662 3024 776 3091 quidem
795 3024 898 3076 Brutus
918 3041 1043 3077 summus
1062 3025 1106 3077 vir

85 3094 113 3147 ot
138 3093 292 3162 imperator
316 3095 385 3148 Acci
413 3095 578 3148 amicissimi
604 3094 647 3148 sui
676 3094 846 3147 carminibus
875 3094 1045 3163 templorum
1072 3112 1105 3149 ac

86 3164 322 3219 monimentorum
337 3167 431 3219 aditus
447 3167 591 3219 exornavit
605 3183 726 3219 suorum.
760 3167 846 3220 Sabat.
862 3167 930 3220 Boo.
946 3167 984 3220 ad
999 3168 1073 3222 ltuuc
1088 3169 1105 3221 1.

81 3253 110 3303 rr.
126 3239 180 3289 359
202 3237 246 3291 Or.
275 3237 321 3290 hic
344 3238 448 3290 Brutus
472 3236 622 3290 Gallaecus
650 3237 706 3289 fuit
738 3241 922 3306 cognomento
947 3238 983 3290 ob
1006 3254 1050 3290 res
1075 3238 1106 3291 in

84 3306 223 3375 Hispania
241 3325 297 3361 non
315 3309 407 3361 minus
428 3311 540 3362 strenue
559 3326 643 3376 quam
662 3308 783 3361 feliciter
800 3311 901 3377 gestas,
938 3309 998 3361 eius
1018 3309 1106 3362 etiam

84 3378 191 3431 nomini
202 3379 220 3449 <
225 3379 335 3432 dicatus
344 3379 446 3451 Accii>
456 3382 557 3447 poetae
572 3380 674 3448 tragici
689 3381 767 3432 extat
781 3378 860 3445 liber,
876 3380 955 3432 cuius
967 3378 1104 3448 plurimos

85 3465 188 3518 versus,
208 3467 278 3518 quos
298 3453 475 3503 saturnios
493 3450 715 3519 appellaverunt,
735 3449 873 3504 vestibulo
888 3450 988 3519 templi
1003 3451 1104 3505 Martis

85 3523 283 3591 superscripsit
300 3522 412 3575 Brutus.
449 3523 553 3576 similia
576 3522 636 3575 Val.
658 3524 738 3576 Mau
759 3526 844 3588 8,14,
861 3525 887 3575 2.
