2422 3840
506 169 533 224 C.
553 169 677 224 Lucilius
1059 170 1101 234 37

156 332 216 386 Ter.
236 331 332 386 Scotor.
343 349 374 400 p.
391 335 434 398 18,
448 334 485 384 23
503 331 628 398 itemque
647 330 723 398 quod
736 329 861 384 Lucilius
880 329 929 384 ubi
944 332 953 384 i
969 332 1041 385 exile
1061 335 1105 385 est

80 419 132 471 per
155 418 184 456 ss
207 401 287 455 iubet
311 402 409 469 scribi,
433 404 463 455 at
486 402 535 454 ubi
559 402 674 470 plenum
699 403 741 455 est
762 402 991 470 praeponendum
1009 419 1103 457 essee

83 474 185 541 eredit,
203 473 248 526 his
266 473 405 527 versibus:
425 488 500 527 meins
514 505 548 512 —
563 488 608 527 fiat.
642 474 696 527 Vel.
717 474 805 543 Leop.
816 491 846 543 p.
863 478 907 541 56,
922 478 958 527 13
972 474 1103 543 idemque

82 545 167 614 peilu,
192 545 293 614 quibus
316 544 420 598 milites
443 547 574 610 utuntur,
597 560 648 612 per
666 560 681 596 e
705 546 733 596 et
751 545 762 596 i
781 544 928 598 scribenda
947 546 1103 610 existimot;

85 619 115 670 ot
134 617 203 685 pila,
221 617 250 669 in
271 632 327 683 qua
345 616 480 684 pinsetur,
499 631 550 683 por
564 616 582 668 i.
608 617 684 670 Mor.
705 617 772 670 Vict.
784 634 813 685 p.
829 620 875 682 18,
890 620 906 670 3
920 615 1011 685 pilum
1025 617 1104 670 siunt

84 688 209 741 militare
228 689 256 740 et
279 688 361 740 vinea
379 719 413 726 -
432 703 483 755 per
501 703 516 740 e
536 689 564 741 et
582 687 592 739 i
612 687 768 752 scribenda,
793 689 822 740 st
841 688 865 739 si
883 687 973 755 pilum
992 689 1029 741 sit
1049 706 1104 757 quo

84 759 235 827 pinsitores
248 760 367 811 utuntur
376 758 502 826 -peri
534 761 627 826 itaque
640 754 651 811 i
667 759 769 813 breuem
781 760 949 827 simpliciter,
968 756 980 812 i
994 760 1104 829 loopom

84 831 163 885 modo
177 832 190 884 i
204 829 283 884 modo
299 832 325 884 ei
342 830 512 884 scribendam
530 847 585 883 esse
600 832 737 898 praecipit
750 831 886 895 Lucilius,
905 832 989 884 Accio
1007 847 1105 885 rursus

84 903 246 957 adversatus
268 902 313 970 (cs.
333 902 371 954 od
389 902 461 955 bueo
483 902 581 970 1124)
604 908 629 955 et
651 919 669 955 o
694 903 816 956 Varrone
839 904 897 970 ipse
920 907 1102 973 oppopootos.

83 979 219 1042 quotenus
237 979 333 1026 auctos·
351 973 389 1026 od
407 973 474 1026 Her.
494 973 636 1026 Lucilium
658 979 764 1026 secutus
786 973 824 1026 sit
847 973 890 1026 od.
910 974 988 1040 opud
1006 974 1104 1039 Moror,

78 1061 199 1112 prooem.
219 1044 373 1114 Grppbieoo.
389 1048 458 1097 1891
476 1060 503 1110 p.
516 1043 614 1097 XVII
624 1050 648 1097 ct
667 1043 744 1097 Roee.
765 1045 802 1096 od
821 1045 888 1097 Her.
904 1046 1007 1114 protep.
1019 1062 1048 1112 p.
1060 1049 1103 1099 96.

158 1131 172 1177 1
188 1130 242 1178 eti
261 1123 340 1176 millo
358 1123 438 1175 milia
457 1123 538 1176 miles
556 1122 703 1175 militiam:
723 1141 771 1176 cm.
787 1124 908 1192 Seolipcr
980 1131 995 1177 2
1015 1124 1104 1192 pilam

82 1211 141 1263 que
159 1195 282 1248 ludimus
301 1195 372 1249 Scal.
464 1199 479 1246 3
504 1195 565 1262 piso
584 1195 669 1249 Scot:
694 1195 755 1262 ipso
845 1201 862 1248 4
886 1194 960 1259 adde
979 1211 1008 1248 sc
1027 1195 1104 1263 pelle¹

82 1267 177 1322 Potot.
198 1267 296 1319 adesse
315 1265 391 1334 pella
411 1268 510 1320 Bere:
535 1284 582 1319 em.
602 1266 674 1321 Scot.
764 1264 865 1334 plenus
884 1268 968 1320 Beroe.

505 1411 567 1466 10α
591 1402 693 1486 [362]
785 1407 788 1412 ’

83 1517 102 1573 i.
126 1515 186 1572 IX.
526 1533 632 1590 porro
656 1516 721 1573 hoc
744 1517 774 1574 si
797 1513 902 1574 filius
926 1514 1015 1573 Luci

175 1602 319 1676 fecerit,
337 1605 350 1660 i
368 1604 495 1678 solum,
513 1606 553 1663 ut
577 1599 732 1663 ‘Corneli
753 1599 1014 1678 Cornificique'

158 1694 238 1748 Cher.
260 1711 291 1762 p.
312 1697 390 1759 78,8
426 1692 550 1746 Lucilius
578 1695 674 1745 tomen
707 1694 815 1763 [contro
839 1694 927 1747 Varro
954 1693 1044 1763 iufra]
1076 1695 1105 1746 ct

83 1782 136 1833 per
163 1781 251 1817 unum
278 1766 288 1817 i
316 1763 477 1833 genetivum
510 1763 595 1817 scribi
627 1780 708 1832 posse
741 1764 891 1817 existimat.
943 1765 984 1816 ait
1017 1765 1104 1817 enim:

83 1838 131 1907 [fr.
148 1836 204 1906 32].
238 1836 359 1904 (lenique
374 1838 403 1889 61
419 1836 448 1887 in
465 1835 537 1889 libro
552 1834 621 1907 (V)
635 1835 687 1887 ΠΗ
707 1835 746 1888 sic
761 1836 814 1888 aii:
833 1861 900 1897 porro
910 1867 936 1874 -
946 1848 1102 1897 Cornificique.

81 1908 271 1976 supplementa
290 1924 303 1960 e
322 1907 379 1961 cod.
400 1907 556 1961 Coloniensi
578 1922 653 1960 osone
676 1909 775 1961 omisso
800 1925 817 1959 o
840 1906 871 1959 F
877 1908 976 1961 Dooso
995 1914 1104 1975 sumpto

80 1985 157 2033 soret.
190 1979 271 2032 Beda
296 1985 347 2032 oet.
372 1985 445 2031 mete.
466 1997 496 2046 p.
520 1983 642 2043 251,18
671 1978 727 2030 nisi
752 1977 824 2032 forte
848 1978 976 2046 regulam
1001 1977 1104 2030 Lucilii

83 2049 177 2102 secuti
196 2052 268 2115 sunt,
288 2049 338 2117 qui
356 2049 473 2102 Lucium
497 2048 636 2120 [lucilium
651 2050 742 2103 Poris.
758 2067 791 2102 m.
811 2053 830 2102 2
849 2049 940 2119 Leid]
965 2050 993 2101 et
1011 2049 1105 2102 Aemi-

83 2121 158 2174 lium
172 2123 200 2173 et
214 2121 308 2173 cetere
322 2121 445 2186 nomina,
464 2135 536 2187 quse
552 2122 617 2173 ante
636 2138 655 2172 u
672 2120 813 2187 habenti,
832 2138 887 2174 non
907 2119 996 2174 solum
1015 2120 1045 2173 in
1059 2138 1104 2174 vo·

83 2191 187 2258 cativo,
206 2190 255 2244 sed
275 2192 361 2245 etiam
380 2191 410 2244 in
429 2192 560 2261 genetivo
579 2207 645 2245 casu
664 2207 714 2259 per
731 2209 819 2243 unum
837 2192 847 2244 i
862 2192 1006 2244 existimet
1020 2191 1105 2245 scribi

81 2278 175 2332 posse.
203 2265 237 2329 cf.
253 2264 311 2317 Ter.
327 2261 556 2331 8111111224.
586 2264 666 2316 Beda
680 2264 746 2316 ibid.
757 2281 788 2331 p.
798 2267 865 2329 278,
876 2269 900 2316 5.
930 2263 1104 2317 Albicorth.

78 2352 112 2404 p.
134 2338 196 2399 304,
210 2339 254 2388 21.
281 2351 404 2402 peruerse
424 2335 532 2389 Caeseti.
558 2334 638 2387 Viod.
659 2350 704 2402 op.
725 2335 846 2389 Cassiod.
866 2335 933 2388 ortt.
945 2352 974 2403 p.
989 2337 1055 2399 206,
1069 2339 1105 2388 25

83 2406 110 2458 si
135 2407 228 2458 autem
248 2403 349 2458 Lucius
368 2405 498 2474 Megnius
517 2404 629 2474 Magius
652 2405 838 2472 proferantur,
862 2406 918 2459 duo
942 2406 952 2458 i
970 2406 1000 2458 in
1022 2420 1105 2474 gene-

82 2477 144 2530 tivo
164 2476 317 2542 habebunt,
336 2476 415 2530 Lucii
432 2476 540 2544 Magnii
558 2476 655 2544 Magii,
675 2477 750 2543 quod
769 2478 861 2544 ipsum
875 2477 999 2530 Lucilius
1020 2476 1106 2530 adno-

84 2548 169 2615 tavit,
188 2565 252 2600 cum
271 2566 288 2600 a
307 2563 421 2601 numero
440 2547 589 2600 Numerius
610 2548 780 2601 discerneret
799 2549 845 2618 [fr.
865 2549 921 2618 32].

161 2643 174 2688 1
200 2636 224 2689 si
247 2635 265 2689 f.
285 2636 315 2689 L.
339 2637 438 2690 Douso
461 2654 475 2689 e
501 2637 558 2690 cod.
580 2637 671 2691 Coloe.
780 2637 829 2689 uui
849 2654 903 2704 pro
926 2636 995 2690 Luci
1014 2636 1104 2705 Neop.

84 2714 101 2761 2
121 2707 222 2760 feceris
240 2707 427 2762 FLScbmidt
498 2708 508 2759 i
528 2707 617 2760 solum
635 2708 758 2763 Schmidt
781 2707 873 2761 colum
890 2709 979 2776 Neop.
1003 2706 1105 2761 collum

86 2779 188 2833 Dosse
279 2777 394 2832 cornelii
414 2778 575 2845 cornificiiq.

507 2905 565 2968 10ὁ
592 2906 685 2990 [364]

84 3020 104 3075 l.
115 3016 175 3075 IX.
190 3019 261 3074 iam
272 3012 406 3092 ‘puerei
420 3013 572 3076 venere':
587 3020 831 3093 epostremum
845 3018 958 3076 facito
969 3018 1105 3092 atquei,

190 3108 229 3163 ut
251 3107 376 3180 puerei
398 3107 521 3182 plures
545 3108 647 3168 fiant.
694 3109 706 3165 i
728 3109 759 3165 si
781 3108 874 3166 facis
899 3105 1025 3179 solum,

191 3189 342 3269 ‘pupilli
364 3196 468 3269 pueri
491 3191 637 3269 Lucili',
661 3197 724 3253 hoc
747 3196 852 3253 unius
876 3196 951 3253 fiet.

165 3285 220 3338 Vct.
239 3285 327 3354 Loop.
347 3302 377 3353 p.
398 3288 480 3350 56,2
503 3285 553 3338 alii
578 3301 653 3349 vero,
683 3303 801 3353 quorum
824 3287 867 3337 est
889 3284 958 3337 item
981 3283 1105 3337 Lucilius

85 3356 164 3408 varie
184 3354 421 3423 scriptitaverunt,
441 3357 465 3409 si
485 3356 598 3423 quidem
616 3358 645 3408 in
665 3357 700 3409 iis
719 3373 792 3424 quoe
810 3356 1035 3425 producerentur
1050 3355 1117 3405 ‘sliu

83 3443 140 3496 per
158 3427 169 3479 i
187 3426 302 3496 longum
321 3426 422 3508 [solam
440 3430 509 3481 copi.
529 3428 659 3503 Bitscldl,
676 3428 738 3484 ulis
753 3445 809 3502 per
828 3446 845 3484 e
864 3430 897 3481 et
910 3426 928 3479 1
942 3423 1141 3508 subsistiums³

84 3497 165 3552 velut
189 3496 345 3551 differentia
368 3499 492 3570 quedem
513 3511 700 3578 separantes,
723 3509 761 3562 ut
779 3522 851 3561 cum
870 3502 1044 3555 diceremus
1056 3492 1163 3543 *sums

77 3571 107 3621 si
128 3570 220 3621 essent
236 3568 345 3641 plures,
369 3591 425 3644 per
449 3593 463 3632 e
489 3581 551 3637 eti
578 3581 800 3653 scriberemus,
826 3577 854 3634 si
876 3590 951 3630 seru
978 3564 1066 3619 esset
1084 3565 1186 3607 siffis
