2422 3840
205 171 294 228 Iulius
312 172 422 228 omar.
459 172 586 227 Volniua.
625 171 733 226 Antias.
771 171 889 226 Sisenna
992 171 1054 236 127

295 414 573 501 VALERIUS
605 413 794 500 ANTIAS

104 583 179 638 Velz.
193 586 254 648 2,9
272 583 410 637 vetustior
428 581 546 637 Sisenna
564 581 620 635 fnit
638 581 757 650 Coelius,-
777 581 904 651 aequalia
923 580 1058 636 Sisennae

53 688 55 693 »
71 653 216 708 Valerius
234 653 342 708 Antias.

407 831 456 886 EX
478 831 687 886 ANNALIBUS

384 968 402 1023 1
427 958 544 1043 [Her
562 967 603 1023 10
616 959 713 1044 rerer]

99 1072 223 1129 Ancum
252 1089 432 1146 praenomen
461 1104 502 1112 —
526 1070 665 1130 Valerius
694 1072 801 1130 Antias
833 1071 945 1146 scribit,
979 1071 1058 1147 quod

53 1160 171 1219 rbitum
195 1160 339 1218 vitiosum
361 1160 509 1234 habuerit,
533 1162 585 1235 qni
608 1179 713 1238 graece
737 1164 861 1220 vocatur
883 1157 990 1240 ἀγκών.

106 1260 210 1312 Incert.
234 1258 267 1312 dc
290 1275 432 1328 procreem.
457 1263 474 1312 4
511 1272 599 1314 Ancum
617 1285 754 1322 praenomen
785 1259 874 1314 Varro
910 1259 959 1331 [fr.
984 1261 1059 1331 325],

53 1345 143 1384 alarino
157 1360 190 1368 -
207 1336 291 1392 ἀγκών.

499 1465 521 1522 2
545 1456 594 1541 [2]

107 1566 205 1646 ὄνομα
225 1564 256 1627 δὲ
277 1566 380 1628 κοινὸν
398 1567 525 1640 ἅπαντες
549 1562 631 1629 οὗτοι
654 1567 739 1648 ἔσχον
758 1568 891 1645 Κελέριοι
914 1565 1059 1650 [equites],

53 1681 74 1730 ις
99 1654 157 1736 μὲν
181 1657 348 1728 cicatrices
370 1657 549 1738 γράφουσιν,
572 1655 620 1717 ἐπὶ
640 1667 692 1736 τῆς
712 1655 851 1735 ὀξύτητος
873 1667 932 1717 τῶν
950 1657 1059 1737 ὑπηρε-

53 1756 121 1824 ιῶν,
148 1779 190 1787 -—
220 1742 260 1818 ὣς
283 1742 315 1805 δὲ
338 1743 499 1826 Οὐαλέριος
522 1742 537 1805 ὁ
559 1740 688 1818 Ἀντιεύς
713 1764 820 1826 φησιν,
848 1744 895 1805 ἐπὶ
918 1755 970 1807 τοῦ
994 1743 1059 1828 ἡγε-

53 1835 133 1906 όνος
156 1834 255 1895 αὐτῶν
278 1829 356 1896 τοῦτ’
382 1833 499 1914 ἔχοντος
521 1832 662 1914 τοῦνομα.

108 1934 232 2003 Diony&
247 1935 285 1988 H.
300 1938 375 2001 2,13
394 1939 468 1997 ὄνομα
485 1965 519 1974 -
533 1939 644 1998 τοῦνομα.

211 2300 256 2384 L.
290 2299 615 2386 CORNELIUS
649 2300 889 2386 SISENNA

202 2473 286 2520 riatur
303 2468 376 2522 circo
395 2485 421 2522 o.
437 2468 576 2538 635f119,
604 2475 728 2523 mortuus
746 2488 771 2522 a.
788 2469 900 2539 cc7sc7

291 2666 292 2669 κ
385 2646 718 2713 irascimini

114 2793 139 2842 1.
162 2787 217 2841 Cic.
243 2789 325 2842 Brut.
344 2791 447 2856 258sq.
485 2788 575 2842 solum
603 2787 730 2856 quidem,
764 2789 857 2856 inquit
886 2788 935 2843 ille
968 2790 1059 2860 [Pom-

53 2859 143 2914 onius
152 2858 283 2930 Atticae],
298 2860 327 2911 et
341 2859 422 2927 quasi
436 2858 651 2912 fundamentum
666 2860 784 2913 oratorie
798 2859 876 2914 vides
891 2860 1062 2914 locutionem

53 2929 222 2984 mandatam
239 2931 268 2982 et
282 2929 421 2996 Latinam,
440 2930 518 2984 cuiue
538 2946 623 2999 penes
642 2947 712 2998 quoe
731 2930 792 2984 lane
812 2930 904 2984 adhuc
922 2931 985 3000 fuit,
1005 2949 1061 2986 non

53 3001 95 3054 uit
114 3000 235 3054 rationis
250 3002 299 3054 aut
313 3001 456 3069 scientiae,
476 3002 525 3056 red
540 3001 621 3069 quani
635 3001 726 3056 bonae
741 3002 958 3057 consuetudinis.
978 3002 1060 3057 mitto

53 3074 67 3125 ἶ.
84 3071 215 3125 Laelium
228 3071 257 3125 P.
274 3071 444 3141 Scipionem:
470 3073 572 3126 aetatis
591 3071 667 3125 illiue
687 3073 742 3126 ieta
761 3072 817 3126 fuit
834 3073 896 3126 laus
916 3077 1061 3142 tamquam

53 3143 221 3197 nnocentiae
235 3142 276 3197 sic
289 3143 379 3198 latine
393 3143 527 3212 loquendi
542 3146 603 3213 (nec
617 3146 742 3198 omnium
756 3147 859 3210 tamen,
873 3163 940 3198 nam
949 3145 1061 3199 illorum

53 3214 176 3284 equales
199 3213 352 3269 Caecilium
380 3217 409 3269 et
430 3215 583 3269 Pacuvium
610 3216 684 3270 male
712 3216 819 3270 locutos
848 3215 983 3285 videmus)
1012 3217 1061 3270 sed

53 3301 138 3340 »mnes
157 3287 219 3338 tum
236 3284 305 3353 fere,
323 3286 372 3352 qui
390 3302 442 3339 nec
461 3289 540 3340 extra
557 3286 656 3340 urbem
674 3287 746 3340 hane
765 3287 891 3340 vixerant
909 3303 999 3354 neque
1015 3305 1061 3342 eos

53 3357 140 3425 »liqna
158 3355 302 3410 barbarice
318 3357 473 3411 domestica
486 3358 682 3425 infuscaverat,
701 3360 776 3412 recte
791 3357 985 3425 loquebantur.
1013 3359 1061 3411 sed

53 3445 114 3482 nnnc
134 3431 210 3482 certe
227 3443 285 3482 rem
306 3427 474 3483 deteriorem
492 3432 616 3483 vetustae
635 3429 704 3483 fecit
723 3431 751 3482 et
765 3429 871 3483 Romae
890 3431 919 3483 et
933 3430 965 3483 in
977 3429 1063 3483 (irne-

53 3499 93 3553 ia.
131 3499 324 3554 confluxenmt
353 3498 425 3554 enim
453 3501 483 3554 et
503 3499 631 3556 Athenae
660 3504 689 3558 et
712 3501 743 3558 in
764 3501 844 3559 hano
864 3502 971 3558 artem
990 3501 1084 3555 motti

53 3571 187 3636 nquinate
206 3569 352 3638 loquenten
370 3587 406 3622 ex
424 3571 543 3628 diversis
562 3574 644 3633 tocie.
680 3596 739 3650 qno
760 3578 862 3654 magia
881 3574 1100 3650 exomgantnn
