<?xml version="1.0" encoding="UTF-8"?>
<!DOCTYPE html PUBLIC "-//W3C//DTD XHTML 1.0 Transitional//EN"
    "http://www.w3.org/TR/xhtml1/DTD/xhtml1-transitional.dtd">
<html xmlns="http://www.w3.org/1999/xhtml" xml:lang="en" lang="en">
 <head>
  <title>
</title>
<meta http-equiv="Content-Type" content="text/html;charset=utf-8" />
  <meta name='ocr-system' content='tesseract 3.04.00' />
  <meta name='ocr-capabilities' content='ocr_page ocr_carea ocr_par ocr_line ocrx_word'/>
</head>
<body>
  <div class='ocr_page' id='page_1' title='image "./grammaticaeroma01funagoog_0523.png"; bbox 0 0 2422 3840; ppageno 0'>
   <div class='ocr_carea' id='block_1_1' title="bbox 118 168 968 238">
    <p class='ocr_par' dir='ltr' id='par_1_1' title="bbox 118 168 968 238">
     <span class='ocr_line' id='line_1_1' title="bbox 118 168 968 238; baseline -0.007 -13"><span class='ocrx_word' id='word_1_1' title='bbox 118 168 183 232; x_wconf 82' lang='lat'><em>488</em></span> <span class='ocrx_word' id='word_1_2' title='bbox 285 168 489 223; x_wconf 80' lang='lat' dir='ltr'><em>Grammaticus</em></span> <span class='ocrx_word' id='word_1_3' title='bbox 509 168 610 223; x_wconf 87' lang='lat' dir='ltr'><em>aetatis</em></span> <span class='ocrx_word' id='word_1_4' title='bbox 630 169 790 238; x_wconf 85' lang='lat' dir='ltr'><em>Augusteae</em></span> <span class='ocrx_word' id='word_1_5' title='bbox 809 168 968 238; x_wconf 81' lang='lat' dir='ltr'><em>fragmenta</em></span> 
     </span>
    </p>
   </div>
   <div class='ocr_carea' id='block_1_2' title="bbox 118 326 1136 753">
    <p class='ocr_par' dir='ltr' id='par_1_2' title="bbox 118 326 1136 753">
     <span class='ocr_line' id='line_1_2' title="bbox 118 326 1133 396; baseline -0.004 -14"><span class='ocrx_word' id='word_1_6' title='bbox 118 345 170 384; x_wconf 88' lang='grc'><em>999</em></span> <span class='ocrx_word' id='word_1_7' title='bbox 194 329 219 383; x_wconf 85' lang='grc'><em>91</em></span> <span class='ocrx_word' id='word_1_8' title='bbox 246 329 321 382; x_wconf 84' lang='lat' dir='ltr'><em>aedit</em></span> <span class='ocrx_word' id='word_1_9' title='bbox 344 329 487 382; x_wconf 78' lang='lat' dir='ltr'>Modestus</span> <span class='ocrx_word' id='word_1_10' title='bbox 513 329 688 395; x_wconf 80' lang='lat' dir='ltr'><em>inventione3</em></span> <span class='ocrx_word' id='word_1_11' title='bbox 714 346 779 380; x_wconf 91' lang='lat' dir='ltr'><em>nam</em></span> <span class='ocrx_word' id='word_1_12' title='bbox 802 328 870 396; x_wconf 90' lang='lat' dir='ltr'><em>quia</em></span> <span class='ocrx_word' id='word_1_13' title='bbox 893 326 976 381; x_wconf 84' lang='lat' dir='ltr'><em>Caelo</em></span> <span class='ocrx_word' id='word_1_14' title='bbox 996 326 1133 380; x_wconf 83' lang='lat' dir='ltr'><em>Saturnus</em></span> 
     </span>
     <span class='ocr_line' id='line_1_3' title="bbox 118 397 1134 470; baseline -0.005 -16"><span class='ocrx_word' id='word_1_15' title='bbox 118 399 256 470; x_wconf 76' lang='lat' dir='ltr'>genitalia</span> <span class='ocrx_word' id='word_1_16' title='bbox 275 401 439 468; x_wconf 77' lang='lat' dir='ltr'><em>absciderit,</em></span> <span class='ocrx_word' id='word_1_17' title='bbox 463 400 517 453; x_wconf 89' lang='lat' dir='ltr'><em>hoo</em></span> <span class='ocrx_word' id='word_1_18' title='bbox 535 400 648 453; x_wconf 91' lang='lat' dir='ltr'><em>nomine</em></span> <span class='ocrx_word' id='word_1_19' title='bbox 668 399 827 468; x_wconf 88' lang='lat' dir='ltr'><em>appellatos</em></span> <span class='ocrx_word' id='word_1_20' title='bbox 847 400 896 466; x_wconf 86' lang='lat' dir='ltr'><em>qui</em></span> <span class='ocrx_word' id='word_1_21' title='bbox 915 414 999 453; x_wconf 87' lang='lat' dir='ltr'><em>uxore</em></span> <span class='ocrx_word' id='word_1_22' title='bbox 1019 397 1134 452; x_wconf 82' lang='lat' dir='ltr'><em>careant</em></span> 
     </span>
     <span class='ocr_line' id='line_1_4' title="bbox 119 472 1133 540; baseline -0.004 -15"><span class='ocrx_word' id='word_1_23' title='bbox 119 473 167 525; x_wconf 89' lang='lat' dir='ltr'><em>ait.</em></span> <span class='ocrx_word' id='word_1_24' title='bbox 196 474 230 537; x_wconf 76' lang='lat' dir='ltr'><em>of.</em></span> <span class='ocrx_word' id='word_1_25' title='bbox 246 472 314 526; x_wconf 83' lang='lat' dir='ltr'><em>Isid.</em></span> <span class='ocrx_word' id='word_1_26' title='bbox 331 488 368 526; x_wconf 87' lang='lat' dir='ltr'><em>or.</em></span> <span class='ocrx_word' id='word_1_27' title='bbox 384 476 480 538; x_wconf 80' lang='grc'>10,34.</span> <span class='ocrx_word' id='word_1_28' title='bbox 510 474 749 540; x_wconf 76' lang='lat' dir='ltr'><em>Priso.p.18,10.</em></span> <span class='ocrx_word' id='word_1_29' title='bbox 779 473 872 525; x_wconf 78' lang='lat' dir='ltr'><em>Albin.</em></span> <span class='ocrx_word' id='word_1_30' title='bbox 888 473 955 525; x_wconf 80' lang='lat' dir='ltr'><em>ortis.</em></span> <span class='ocrx_word' id='word_1_31' title='bbox 968 487 996 538; x_wconf 76' lang='lat' dir='ltr'><em>p.</em></span> <span class='ocrx_word' id='word_1_32' title='bbox 1011 473 1133 535; x_wconf 79' lang='lat'><strong><em>299,27.</em></strong></span> 
     </span>
     <span class='ocr_line' id='line_1_5' title="bbox 118 543 1136 611; baseline -0.004 -13"><span class='ocrx_word' id='word_1_33' title='bbox 118 545 296 611; x_wconf 75' lang='lat' dir='ltr'><em>amtoqninrn</em></span> <span class='ocrx_word' id='word_1_34' title='bbox 310 543 462 598; x_wconf 81' lang='lat' dir='ltr'><em>Stoicorum</em></span> <span class='ocrx_word' id='word_1_35' title='bbox 476 545 680 610; x_wconf 74' lang='lat' dir='ltr'><em>principiorum</em></span> <span class='ocrx_word' id='word_1_36' title='bbox 699 544 801 597; x_wconf 82' lang='lat' dir='ltr'><em>iumine</em></span> <span class='ocrx_word' id='word_1_37' title='bbox 815 543 998 598; x_wconf 71' lang='lat' dir='ltr'><em>Reitzenstein</em></span> <span class='ocrx_word' id='word_1_38' title='bbox 1011 543 1136 596; x_wconf 80' lang='lat' dir='ltr'><em>illustrat</em></span> 
     </span>
     <span class='ocr_line' id='line_1_6' title="bbox 119 613 1136 683; baseline -0.005 -14"><span class='ocrx_word' id='word_1_39' title='bbox 119 617 172 683; x_wconf 89' lang='lat' dir='ltr'><em>(M.</em></span> <span class='ocrx_word' id='word_1_40' title='bbox 195 615 253 669; x_wconf 84' lang='lat' dir='ltr'><em>Ter.</em></span> <span class='ocrx_word' id='word_1_41' title='bbox 275 616 362 669; x_wconf 82' lang='lat' dir='ltr'><em>Varro</em></span> <span class='ocrx_word' id='word_1_42' title='bbox 380 632 407 668; x_wconf 87' lang='lat' dir='ltr'><em>n.</em></span> <span class='ocrx_word' id='word_1_43' title='bbox 427 615 486 668; x_wconf 80' lang='lat' dir='ltr'><em>Iob.</em></span> <span class='ocrx_word' id='word_1_44' title='bbox 505 632 529 668; x_wconf 88' lang='grc'><em>9.</em></span> <span class='ocrx_word' id='word_1_45' title='bbox 549 615 691 669; x_wconf 77' lang='lat' dir='ltr'><em>Euchaita</em></span> <span class='ocrx_word' id='word_1_46' title='bbox 706 632 735 683; x_wconf 75' lang='lat' dir='ltr'><em>p.</em></span> <span class='ocrx_word' id='word_1_47' title='bbox 751 617 805 683; x_wconf 83' lang='lat'><strong>35).</strong></span> <span class='ocrx_word' id='word_1_48' title='bbox 844 614 875 667; x_wconf 82' lang='lat' dir='ltr'><em>de</em></span> <span class='ocrx_word' id='word_1_49' title='bbox 900 613 989 667; x_wconf 82' lang='lat' dir='ltr'><em>Gauio</em></span> <span class='ocrx_word' id='word_1_50' title='bbox 1014 613 1136 666; x_wconf 79' lang='lat' dir='ltr'><em>Modesti</em></span> 
     </span>
     <span class='ocr_line' id='line_1_7' title="bbox 118 687 469 753; baseline 0 -13"><span class='ocrx_word' id='word_1_51' title='bbox 118 693 226 740; x_wconf 71' lang='lat' dir='ltr'><em>annom</em></span> <span class='ocrx_word' id='word_1_52' title='bbox 245 688 279 753; x_wconf 85' lang='lat' dir='ltr'><em>of.</em></span> <span class='ocrx_word' id='word_1_53' title='bbox 295 688 376 740; x_wconf 82' lang='lat' dir='ltr'><em>etiarn</em></span> <span class='ocrx_word' id='word_1_54' title='bbox 393 687 429 752; x_wconf 83' lang='lat' dir='ltr'><em>fr.</em></span> <span class='ocrx_word' id='word_1_55' title='bbox 444 691 469 740; x_wconf 76' lang='lat'><em>4.</em></span> 
     </span>
    </p>
   </div>
   <div class='ocr_carea' id='block_1_3' title="bbox 191 791 968 861">
    <p class='ocr_par' dir='ltr' id='par_1_3' title="bbox 191 791 968 861">
     <span class='ocr_line' id='line_1_8' title="bbox 191 791 968 861; baseline -0.001 -16"><span class='ocrx_word' id='word_1_56' title='bbox 191 798 204 845; x_wconf 93' lang='lat'>1</span> <span class='ocrx_word' id='word_1_57' title='bbox 225 792 354 861; x_wconf 77' lang='lat' dir='ltr'><em>gavinius</em></span> <span class='ocrx_word' id='word_1_58' title='bbox 374 794 497 847; x_wconf 81' lang='lat' dir='ltr'><em>Antros.</em></span> <span class='ocrx_word' id='word_1_59' title='bbox 589 793 727 845; x_wconf 82' lang='lat' dir='ltr'><em>2vacant</em></span> <span class='ocrx_word' id='word_1_60' title='bbox 744 793 875 846; x_wconf 84' lang='lat' dir='ltr'><em>nonnulii</em></span> <span class='ocrx_word' id='word_1_61' title='bbox 892 791 968 845; x_wconf 79' lang='lat' dir='ltr'><em>codd,</em></span> 
     </span>
    </p>
   </div>
   <div class='ocr_carea' id='block_1_4' title="bbox 579 936 671 1021">
    <p class='ocr_par' dir='ltr' id='par_1_4' title="bbox 579 936 671 1021">
     <span class='ocr_line' id='line_1_9' title="bbox 579 936 671 1021; baseline 0.011 -1"><span class='ocrx_word' id='word_1_62' title='bbox 579 946 598 1001; x_wconf 80' lang='grc'><strong><em>4</em></strong></span> <span class='ocrx_word' id='word_1_63' title='bbox 623 936 671 1021; x_wconf 66' lang='lat' dir='ltr'><em>li]</em></span> 
     </span>
    </p>
   </div>
   <div class='ocr_carea' id='block_1_5' title="bbox 82 1066 1153 3646">
    <p class='ocr_par' dir='ltr' id='par_1_5' title="bbox 121 1066 1138 1410">
     <span class='ocr_line' id='line_1_10' title="bbox 188 1066 1136 1140; baseline 0.001 -14"><span class='ocrx_word' id='word_1_64' title='bbox 188 1066 299 1127; x_wconf 84' lang='lat' dir='ltr'><em>Gavius</em></span> <span class='ocrx_word' id='word_1_65' title='bbox 322 1067 435 1127; x_wconf 83' lang='lat' dir='ltr'><strong>Bassus</strong></span> <span class='ocrx_word' id='word_1_66' title='bbox 458 1067 490 1125; x_wconf 87' lang='lat' dir='ltr'><em>in</em></span> <span class='ocrx_word' id='word_1_67' title='bbox 514 1069 733 1126; x_wconf 84' lang='lat' dir='ltr'><em>commentariis</em></span> <span class='ocrx_word' id='word_1_68' title='bbox 756 1068 831 1140; x_wconf 88' lang='lat' dir='ltr'><em>suis,</em></span> <span class='ocrx_word' id='word_1_69' title='bbox 858 1069 931 1126; x_wconf 87' lang='lat' dir='ltr'><em>item</em></span> <span class='ocrx_word' id='word_1_70' title='bbox 955 1067 1049 1126; x_wconf 89' lang='lat' dir='ltr'><em>lulius</em></span> <span class='ocrx_word' id='word_1_71' title='bbox 1073 1068 1136 1127; x_wconf 91' lang='lat' dir='ltr'><em>Mo-</em></span> 
     </span>
     <span class='ocr_line' id='line_1_11' title="bbox 121 1156 1137 1232; baseline 0 -17"><span class='ocrx_word' id='word_1_72' title='bbox 121 1157 220 1215; x_wconf 91' lang='lat' dir='ltr'><em>destus</em></span> <span class='ocrx_word' id='word_1_73' title='bbox 248 1159 279 1214; x_wconf 91' lang='lat' dir='ltr'><em>in</em></span> <span class='ocrx_word' id='word_1_74' title='bbox 307 1156 434 1216; x_wconf 86' lang='lat' dir='ltr'><em>seeundo</em></span> <span class='ocrx_word' id='word_1_75' title='bbox 464 1158 671 1232; x_wconf 83' lang='lat' dir='ltr'><em>quaestionum</em></span> <span class='ocrx_word' id='word_1_76' title='bbox 699 1157 890 1214; x_wconf 80' lang='lat' dir='ltr'><em>confusarum</em></span> <span class='ocrx_word' id='word_1_77' title='bbox 919 1157 1077 1215; x_wconf 78' lang='lat' dir='ltr'><em>historiam</em></span> <span class='ocrx_word' id='word_1_78' title='bbox 1101 1158 1137 1215; x_wconf 97' lang='grc'><em>(19</em></span> 
     </span>
     <span class='ocr_line' id='line_1_12' title="bbox 122 1244 1137 1322; baseline -0.001 -18"><span class='ocrx_word' id='word_1_79' title='bbox 122 1265 197 1320; x_wconf 88' lang='grc'>9999</span> <span class='ocrx_word' id='word_1_80' title='bbox 220 1244 326 1303; x_wconf 86' lang='lat' dir='ltr'><em>Seiano</em></span> <span class='ocrx_word' id='word_1_81' title='bbox 351 1245 476 1303; x_wconf 88' lang='lat' dir='ltr'><em>tradunt</em></span> <span class='ocrx_word' id='word_1_82' title='bbox 500 1245 620 1322; x_wconf 86' lang='lat' dir='ltr'><em>dignam</em></span> <span class='ocrx_word' id='word_1_83' title='bbox 643 1248 786 1303; x_wconf 89' lang='lat' dir='ltr'><em>memoria</em></span> <span class='ocrx_word' id='word_1_84' title='bbox 810 1247 901 1320; x_wconf 90' lang='lat' dir='ltr'><em>atque</em></span> <span class='ocrx_word' id='word_1_85' title='bbox 926 1245 1137 1304; x_wconf 86' lang='lat' dir='ltr'><em>admiratione:</em></span> 
     </span>
     <span class='ocr_line' id='line_1_13' title="bbox 122 1333 1138 1410; baseline 0 -17"><span class='ocrx_word' id='word_1_86' title='bbox 122 1333 257 1393; x_wconf 80' lang='lat' dir='ltr'><em>Gnaeum</em></span> <span class='ocrx_word' id='word_1_87' title='bbox 278 1333 379 1393; x_wconf 83' lang='lat' dir='ltr'><em>Seium</em></span> <span class='ocrx_word' id='word_1_88' title='bbox 401 1337 570 1410; x_wconf 89' lang='lat' dir='ltr'><em>quempiam</em></span> <span class='ocrx_word' id='word_1_89' title='bbox 593 1333 720 1392; x_wconf 86' lang='lat' dir='ltr'><em>scribam</em></span> <span class='ocrx_word' id='word_1_90' title='bbox 743 1334 835 1393; x_wconf 90' lang='lat' dir='ltr'><em>fuisse</em></span> <span class='ocrx_word' id='word_1_91' title='bbox 854 1353 980 1409; x_wconf 90' lang='lat' dir='ltr'><em>eumque</em></span> <span class='ocrx_word' id='word_1_92' title='bbox 998 1334 1138 1393; x_wconf 90' lang='lat' dir='ltr'><em>habuisse</em></span> 
     </span>
    </p>

    <p class='ocr_par' dir='ltr' id='par_1_6' title="bbox 82 1421 1153 3646">
     <span class='ocr_line' id='line_1_14' title="bbox 95 1421 1137 1500; baseline 0.002 -20"><span class='ocrx_word' id='word_1_93' title='bbox 95 1439 232 1498; x_wconf 75' lang='lat' dir='ltr'><em>aequum</em></span> <span class='ocrx_word' id='word_1_94' title='bbox 259 1427 364 1481; x_wconf 89' lang='lat' dir='ltr'><em>natum</em></span> <span class='ocrx_word' id='word_1_95' title='bbox 386 1423 476 1500; x_wconf 83' lang='lat' dir='ltr'><em>Argis</em></span> <span class='ocrx_word' id='word_1_96' title='bbox 498 1425 531 1481; x_wconf 90' lang='lat' dir='ltr'><em>in</em></span> <span class='ocrx_word' id='word_1_97' title='bbox 555 1426 635 1480; x_wconf 81' lang='lat' dir='ltr'><em>terra</em></span> <span class='ocrx_word' id='word_1_98' title='bbox 658 1421 791 1498; x_wconf 83' lang='lat' dir='ltr'><em>Graecia,</em></span> <span class='ocrx_word' id='word_1_99' title='bbox 822 1424 857 1482; x_wconf 93' lang='lat' dir='ltr'><em>de</em></span> <span class='ocrx_word' id='word_1_100' title='bbox 882 1442 939 1498; x_wconf 92' lang='grc'><em>999</em></span> <span class='ocrx_word' id='word_1_101' title='bbox 963 1425 1045 1481; x_wconf 91' lang='lat' dir='ltr'><em>fama</em></span> <span class='ocrx_word' id='word_1_102' title='bbox 1068 1442 1137 1482; x_wconf 86' lang='lat' dir='ltr'><em>oon·</em></span> 
     </span>
     <span class='ocr_line' id='line_1_15' title="bbox 121 1510 1139 1589; baseline 0.001 -19"><span class='ocrx_word' id='word_1_103' title='bbox 121 1516 203 1570; x_wconf 88' lang='lat' dir='ltr'><em>stans</em></span> <span class='ocrx_word' id='word_1_104' title='bbox 222 1516 307 1584; x_wconf 85' lang='lat' dir='ltr'><em>esset,</em></span> <span class='ocrx_word' id='word_1_105' title='bbox 330 1516 486 1588; x_wconf 86' lang='lat' dir='ltr'><em>tamquam</em></span> <span class='ocrx_word' id='word_1_106' title='bbox 505 1510 540 1570; x_wconf 93' lang='lat' dir='ltr'><em>de</em></span> <span class='ocrx_word' id='word_1_107' title='bbox 564 1531 671 1588; x_wconf 84' lang='lat' dir='ltr'><em>genere</em></span> <span class='ocrx_word' id='word_1_108' title='bbox 690 1531 833 1587; x_wconf 83' lang='lat' dir='ltr'><em>equorum</em></span> <span class='ocrx_word' id='word_1_109' title='bbox 856 1513 1031 1589; x_wconf 83' lang='lat' dir='ltr'><em>progenitus</em></span> <span class='ocrx_word' id='word_1_110' title='bbox 1049 1514 1139 1587; x_wconf 87' lang='lat' dir='ltr'><em>foret,</em></span> 
     </span>
     <span class='ocr_line' id='line_1_16' title="bbox 122 1600 1139 1677; baseline 0.002 -19"><span class='ocrx_word' id='word_1_111' title='bbox 122 1604 175 1677; x_wconf 89' lang='lat' dir='ltr'><em>qui</em></span> <span class='ocrx_word' id='word_1_112' title='bbox 193 1600 347 1659; x_wconf 85' lang='lat' dir='ltr'><em>Diomedis</em></span> <span class='ocrx_word' id='word_1_113' title='bbox 365 1601 487 1659; x_wconf 84' lang='lat' dir='ltr'><em>Thracis</em></span> <span class='ocrx_word' id='word_1_114' title='bbox 510 1602 646 1674; x_wconf 85' lang='lat' dir='ltr'><em>fuissent,</em></span> <span class='ocrx_word' id='word_1_115' title='bbox 670 1620 744 1676; x_wconf 92' lang='grc'>9999</span> <span class='ocrx_word' id='word_1_116' title='bbox 763 1601 906 1660; x_wconf 82' lang='lat' dir='ltr'><em>Hercules</em></span> <span class='ocrx_word' id='word_1_117' title='bbox 925 1601 1068 1660; x_wconf 84' lang='lat' dir='ltr'><em>Diomede</em></span> <span class='ocrx_word' id='word_1_118' title='bbox 1091 1620 1139 1660; x_wconf 90' lang='grc'><em>99-</em></span> 
     </span>
     <span class='ocr_line' id='line_1_17' title="bbox 122 1690 1141 1766; baseline 0 -18"><span class='ocrx_word' id='word_1_119' title='bbox 122 1691 181 1749; x_wconf 89' lang='grc'>9199</span> <span class='ocrx_word' id='word_1_120' title='bbox 197 1709 212 1747; x_wconf 92' lang='grc'><em>9</em></span> <span class='ocrx_word' id='word_1_121' title='bbox 227 1690 354 1749; x_wconf 87' lang='lat' dir='ltr'><em>Thraoia</em></span> <span class='ocrx_word' id='word_1_122' title='bbox 369 1690 466 1766; x_wconf 85' lang='lat' dir='ltr'><em>Argos</em></span> <span class='ocrx_word' id='word_1_123' title='bbox 484 1690 677 1765; x_wconf 84' lang='lat' dir='ltr'><em>perduxisset.</em></span> <span class='ocrx_word' id='word_1_124' title='bbox 716 1709 783 1748; x_wconf 90' lang='lat' dir='ltr'><em>eum</em></span> <span class='ocrx_word' id='word_1_125' title='bbox 802 1709 911 1765; x_wconf 91' lang='lat' dir='ltr'><em>equum</em></span> <span class='ocrx_word' id='word_1_126' title='bbox 924 1691 1016 1750; x_wconf 89' lang='lat' dir='ltr'><em>fuisse</em></span> <span class='ocrx_word' id='word_1_127' title='bbox 1035 1691 1141 1749; x_wconf 86' lang='lat' dir='ltr'><em>dicunt</em></span> 
     </span>
     <span class='ocr_line' id='line_1_18' title="bbox 122 1779 1140 1856; baseline 0.002 -20"><span class='ocrx_word' id='word_1_128' title='bbox 122 1779 328 1856; x_wconf 85' lang='lat' dir='ltr'><em>magnitudine</em></span> <span class='ocrx_word' id='word_1_129' title='bbox 360 1779 530 1852; x_wconf 84' lang='lat' dir='ltr'><em>invisitata,</em></span> <span class='ocrx_word' id='word_1_130' title='bbox 567 1781 680 1837; x_wconf 84' lang='lat' dir='ltr'><em>cerviae</em></span> <span class='ocrx_word' id='word_1_131' title='bbox 713 1780 822 1854; x_wconf 87' lang='lat' dir='ltr'><em>ardua,</em></span> <span class='ocrx_word' id='word_1_132' title='bbox 858 1781 955 1838; x_wconf 86' lang='lat' dir='ltr'><em>oolore</em></span> <span class='ocrx_word' id='word_1_133' title='bbox 987 1780 1140 1854; x_wconf 85' lang='lat' dir='ltr'><em>poeniceo,</em></span> 
     </span>
     <span class='ocr_line' id='line_1_19' title="bbox 82 1867 1140 1943; baseline 0.003 -19"><span class='ocrx_word' id='word_1_134' title='bbox 82 1885 107 1924; x_wconf 81' lang='lat' dir='ltr'><em>ro</em></span> <span class='ocrx_word' id='word_1_135' title='bbox 122 1868 197 1927; x_wconf 87' lang='lat' dir='ltr'><em>flora</em></span> <span class='ocrx_word' id='word_1_136' title='bbox 221 1870 250 1925; x_wconf 90' lang='lat' dir='ltr'><em>et</em></span> <span class='ocrx_word' id='word_1_137' title='bbox 273 1868 404 1925; x_wconf 78' lang='lat' dir='ltr'><em>comanti</em></span> <span class='ocrx_word' id='word_1_138' title='bbox 427 1867 497 1925; x_wconf 90' lang='lat' dir='ltr'><em>iuba</em></span> <span class='ocrx_word' id='word_1_139' title='bbox 521 1867 715 1942; x_wconf 90' lang='lat' dir='ltr'><em>omnibusque</em></span> <span class='ocrx_word' id='word_1_140' title='bbox 740 1868 807 1928; x_wconf 88' lang='lat' dir='ltr'><em>aliis</em></span> <span class='ocrx_word' id='word_1_141' title='bbox 831 1887 975 1943; x_wconf 86' lang='lat' dir='ltr'><em>equorum</em></span> <span class='ocrx_word' id='word_1_142' title='bbox 997 1868 1140 1927; x_wconf 88' lang='lat' dir='ltr'><em>laudibus</em></span> 
     </span>
     <span class='ocr_line' id='line_1_20' title="bbox 124 1957 1140 2033; baseline 0.001 -19"><span class='ocrx_word' id='word_1_143' title='bbox 124 1976 241 2032; x_wconf 91' lang='grc'>999999</span> <span class='ocrx_word' id='word_1_144' title='bbox 268 1957 356 2033; x_wconf 87' lang='lat' dir='ltr'><em>longe</em></span> <span class='ocrx_word' id='word_1_145' title='bbox 379 1957 578 2032; x_wconf 80' lang='lat' dir='ltr'><em>praestitisse3</em></span> <span class='ocrx_word' id='word_1_146' title='bbox 607 1957 657 2014; x_wconf 90' lang='lat' dir='ltr'><em>sed</em></span> <span class='ocrx_word' id='word_1_147' title='bbox 681 1957 807 2015; x_wconf 90' lang='lat' dir='ltr'><em>eundem</em></span> <span class='ocrx_word' id='word_1_148' title='bbox 831 1976 940 2032; x_wconf 90' lang='lat' dir='ltr'><em>equum</em></span> <span class='ocrx_word' id='word_1_149' title='bbox 964 1957 1019 2015; x_wconf 87' lang='lat' dir='ltr'><em>tali</em></span> <span class='ocrx_word' id='word_1_150' title='bbox 1046 1958 1140 2018; x_wconf 85' lang='lat' dir='ltr'><em>fuisse</em></span> 
     </span>
     <span class='ocr_line' id='line_1_21' title="bbox 122 2044 1139 2124; baseline 0.003 -21"><span class='ocrx_word' id='word_1_151' title='bbox 122 2048 186 2103; x_wconf 85' lang='lat' dir='ltr'><em>fato</em></span> <span class='ocrx_word' id='word_1_152' title='bbox 210 2047 272 2104; x_wconf 89' lang='grc'>9199</span> <span class='ocrx_word' id='word_1_153' title='bbox 295 2044 416 2103; x_wconf 84' lang='lat' dir='ltr'><em>fortuna</em></span> <span class='ocrx_word' id='word_1_154' title='bbox 438 2047 552 2120; x_wconf 89' lang='lat' dir='ltr'><em>ferunt,</em></span> <span class='ocrx_word' id='word_1_155' title='bbox 580 2049 613 2104; x_wconf 92' lang='lat' dir='ltr'><em>ut</em></span> <span class='ocrx_word' id='word_1_156' title='bbox 637 2047 772 2121; x_wconf 90' lang='lat' dir='ltr'><em>quisquis</em></span> <span class='ocrx_word' id='word_1_157' title='bbox 799 2044 922 2104; x_wconf 89' lang='lat' dir='ltr'><em>haberet</em></span> <span class='ocrx_word' id='word_1_158' title='bbox 949 2066 1016 2104; x_wconf 91' lang='lat' dir='ltr'><em>eum</em></span> <span class='ocrx_word' id='word_1_159' title='bbox 1044 2050 1139 2124; x_wconf 90' lang='lat' dir='ltr'><em>possi-</em></span> 
     </span>
     <span class='ocr_line' id='line_1_22' title="bbox 124 2135 1141 2209; baseline 0.002 -17"><span class='ocrx_word' id='word_1_160' title='bbox 124 2136 273 2209; x_wconf 87' lang='lat' dir='ltr'><em>deretque,</em></span> <span class='ocrx_word' id='word_1_161' title='bbox 291 2135 365 2194; x_wconf 91' lang='lat' dir='ltr'><em>ntis</em></span> <span class='ocrx_word' id='word_1_162' title='bbox 380 2153 448 2193; x_wconf 90' lang='lat' dir='ltr'><em>oum</em></span> <span class='ocrx_word' id='word_1_163' title='bbox 462 2137 543 2192; x_wconf 90' lang='lat' dir='ltr'><em>omni</em></span> <span class='ocrx_word' id='word_1_164' title='bbox 557 2135 644 2193; x_wconf 91' lang='lat' dir='ltr'><em>domo</em></span> <span class='ocrx_word' id='word_1_165' title='bbox 660 2135 777 2192; x_wconf 88' lang='lat' dir='ltr'><em>familia</em></span> <span class='ocrx_word' id='word_1_166' title='bbox 795 2135 983 2209; x_wconf 81' lang='lat' dir='ltr'><em>fortunisque</em></span> <span class='ocrx_word' id='word_1_167' title='bbox 1003 2137 1141 2194; x_wconf 89' lang='lat' dir='ltr'><em>omnibus</em></span> 
     </span>
     <span class='ocr_line' id='line_1_23' title="bbox 124 2223 1141 2299; baseline 0.001 -17"><span class='ocrx_word' id='word_1_168' title='bbox 124 2223 184 2282; x_wconf 91' lang='lat' dir='ltr'><em>suis</em></span> <span class='ocrx_word' id='word_1_169' title='bbox 217 2224 255 2281; x_wconf 90' lang='lat' dir='ltr'><em>ad</em></span> <span class='ocrx_word' id='word_1_170' title='bbox 287 2223 519 2282; x_wconf 79' lang='lat' dir='ltr'><em>internecionem</em></span> <span class='ocrx_word' id='word_1_171' title='bbox 551 2223 706 2298; x_wconf 87' lang='lat' dir='ltr'><em>deperiret.</em></span> <span class='ocrx_word' id='word_1_172' title='bbox 756 2224 858 2299; x_wconf 90' lang='lat' dir='ltr'><em>itaque</em></span> <span class='ocrx_word' id='word_1_173' title='bbox 890 2226 1021 2299; x_wconf 86' lang='lat' dir='ltr'><em>primum</em></span> <span class='ocrx_word' id='word_1_174' title='bbox 1052 2227 1141 2283; x_wconf 91' lang='lat' dir='ltr'><em>illum</em></span> 
     </span>
     <span class='ocr_line' id='line_1_24' title="bbox 83 2311 1141 2388; baseline 0.006 -21"><span class='ocrx_word' id='word_1_175' title='bbox 83 2328 108 2379; x_wconf 77' lang='lat' dir='ltr'><em>rs</em></span> <span class='ocrx_word' id='word_1_176' title='bbox 125 2311 258 2371; x_wconf 83' lang='lat' dir='ltr'><em>Gnaeum</em></span> <span class='ocrx_word' id='word_1_177' title='bbox 283 2312 383 2370; x_wconf 83' lang='lat' dir='ltr'><em>Seium</em></span> <span class='ocrx_word' id='word_1_178' title='bbox 412 2311 562 2370; x_wconf 91' lang='lat' dir='ltr'><em>dominum</em></span> <span class='ocrx_word' id='word_1_179' title='bbox 592 2315 654 2370; x_wconf 92' lang='lat' dir='ltr'><em>eius</em></span> <span class='ocrx_word' id='word_1_180' title='bbox 678 2332 696 2370; x_wconf 91' lang='lat' dir='ltr'><em>a</em></span> <span class='ocrx_word' id='word_1_181' title='bbox 718 2313 757 2372; x_wconf 91' lang='lat' dir='ltr'><em>M.</em></span> <span class='ocrx_word' id='word_1_182' title='bbox 781 2313 923 2384; x_wconf 77' lang='lat' dir='ltr'><em>Antonio,</em></span> <span class='ocrx_word' id='word_1_183' title='bbox 954 2314 1007 2388; x_wconf 90' lang='grc'><em>991</em></span> <span class='ocrx_word' id='word_1_184' title='bbox 1034 2317 1141 2388; x_wconf 86' lang='lat' dir='ltr'><em>postea</em></span> 
     </span>
     <span class='ocr_line' id='line_1_25' title="bbox 123 2401 1140 2477; baseline 0.001 -18"><span class='ocrx_word' id='word_1_185' title='bbox 123 2402 316 2459; x_wconf 84' lang='lat' dir='ltr'><em>triumvirum</em></span> <span class='ocrx_word' id='word_1_186' title='bbox 346 2401 528 2477; x_wconf 77' lang='lat' dir='ltr'><em>reipublicae</em></span> <span class='ocrx_word' id='word_1_187' title='bbox 561 2402 785 2459; x_wconf 81' lang='lat' dir='ltr'><em>constituendae</em></span> <span class='ocrx_word' id='word_1_188' title='bbox 815 2401 886 2475; x_wconf 85' lang='lat' dir='ltr'><em>fuit,</em></span> <span class='ocrx_word' id='word_1_189' title='bbox 919 2402 1027 2477; x_wconf 84' lang='lat' dir='ltr'><em>capitis</em></span> <span class='ocrx_word' id='word_1_190' title='bbox 1058 2404 1140 2460; x_wconf 91' lang='lat' dir='ltr'><em>dam-</em></span> 
     </span>
     <span class='ocr_line' id='line_1_26' title="bbox 123 2489 1140 2567; baseline 0.004 -21"><span class='ocrx_word' id='word_1_191' title='bbox 123 2493 227 2548; x_wconf 87' lang='lat' dir='ltr'><em>natum</em></span> <span class='ocrx_word' id='word_1_192' title='bbox 252 2490 419 2549; x_wconf 90' lang='lat' dir='ltr'><em>miserando</em></span> <span class='ocrx_word' id='word_1_193' title='bbox 443 2489 590 2565; x_wconf 83' lang='lat' dir='ltr'><em>supplicio</em></span> <span class='ocrx_word' id='word_1_194' title='bbox 613 2490 753 2548; x_wconf 78' lang='lat' dir='ltr'><em>affectum</em></span> <span class='ocrx_word' id='word_1_195' title='bbox 777 2509 852 2564; x_wconf 79' lang='lat' dir='ltr'><em>esse3</em></span> <span class='ocrx_word' id='word_1_196' title='bbox 880 2491 982 2549; x_wconf 89' lang='lat' dir='ltr'><em>eodem</em></span> <span class='ocrx_word' id='word_1_197' title='bbox 1006 2493 1140 2567; x_wconf 85' lang='lat' dir='ltr'><em>tempore</em></span> 
     </span>
     <span class='ocr_line' id='line_1_27' title="bbox 126 2577 1142 2655; baseline 0.003 -19"><span class='ocrx_word' id='word_1_198' title='bbox 126 2577 296 2637; x_wconf 76' lang='lat' dir='ltr'><em>Cornelium</em></span> <span class='ocrx_word' id='word_1_199' title='bbox 318 2578 506 2637; x_wconf 87' lang='lat' dir='ltr'><em>Dolabellam</em></span> <span class='ocrx_word' id='word_1_200' title='bbox 530 2580 681 2638; x_wconf 91' lang='lat' dir='ltr'><em>oonsulem</em></span> <span class='ocrx_word' id='word_1_201' title='bbox 705 2581 737 2636; x_wconf 89' lang='lat' dir='ltr'><em>in</em></span> <span class='ocrx_word' id='word_1_202' title='bbox 761 2579 879 2655; x_wconf 83' lang='lat' dir='ltr'><em>Syriam</em></span> <span class='ocrx_word' id='word_1_203' title='bbox 903 2579 1142 2655; x_wconf 78' lang='lat' dir='ltr'><em>proficiscentem</em></span> 
     </span>
     <span class='ocr_line' id='line_1_28' title="bbox 124 2666 1142 2745; baseline 0.004 -21"><span class='ocrx_word' id='word_1_204' title='bbox 124 2668 205 2725; x_wconf 82' lang='lat' dir='ltr'><em>fama</em></span> <span class='ocrx_word' id='word_1_205' title='bbox 231 2669 319 2726; x_wconf 91' lang='lat' dir='ltr'><em>istius</em></span> <span class='ocrx_word' id='word_1_206' title='bbox 347 2669 416 2742; x_wconf 91' lang='lat' dir='ltr'><em>equi</em></span> <span class='ocrx_word' id='word_1_207' title='bbox 444 2666 606 2726; x_wconf 84' lang='lat' dir='ltr'><em>adductum</em></span> <span class='ocrx_word' id='word_1_208' title='bbox 628 2668 725 2744; x_wconf 85' lang='lat' dir='ltr'><em>Argos</em></span> <span class='ocrx_word' id='word_1_209' title='bbox 754 2669 914 2727; x_wconf 86' lang='lat' dir='ltr'><em>devertisse</em></span> <span class='ocrx_word' id='word_1_210' title='bbox 942 2670 1142 2745; x_wconf 80' lang='lat' dir='ltr'><em>cupidineque</em></span> 
     </span>
     <span class='ocr_line' id='line_1_29' title="bbox 84 2756 1141 2831; baseline 0.003 -18"><span class='ocrx_word' id='word_1_211' title='bbox 84 2756 255 2814; x_wconf 78' lang='lat' dir='ltr'><em>rehabendi</em></span> <span class='ocrx_word' id='word_1_212' title='bbox 285 2758 349 2814; x_wconf 91' lang='lat' dir='ltr'><em>eius</em></span> <span class='ocrx_word' id='word_1_213' title='bbox 379 2757 521 2814; x_wconf 86' lang='lat' dir='ltr'><em>exarsisse</em></span> <span class='ocrx_word' id='word_1_214' title='bbox 553 2759 716 2831; x_wconf 87' lang='lat' dir='ltr'><em>emisseque</em></span> <span class='ocrx_word' id='word_1_215' title='bbox 747 2777 814 2815; x_wconf 93' lang='lat' dir='ltr'><em>eum</em></span> <span class='ocrx_word' id='word_1_216' title='bbox 844 2759 987 2816; x_wconf 72' lang='lat' dir='ltr'><em>sestertiis</em></span> <span class='ocrx_word' id='word_1_217' title='bbox 1020 2763 1141 2817; x_wconf 83' lang='lat' dir='ltr'><em>uentum</em></span> 
     </span>
     <span class='ocr_line' id='line_1_30' title="bbox 125 2844 1143 2921; baseline 0.005 -19"><span class='ocrx_word' id='word_1_218' title='bbox 125 2844 259 2918; x_wconf 84' lang='lat' dir='ltr'><em>milibus3</em></span> <span class='ocrx_word' id='word_1_219' title='bbox 292 2845 343 2902; x_wconf 92' lang='lat' dir='ltr'><em>sed</em></span> <span class='ocrx_word' id='word_1_220' title='bbox 374 2847 472 2920; x_wconf 91' lang='lat' dir='ltr'><em>ipsum</em></span> <span class='ocrx_word' id='word_1_221' title='bbox 506 2864 624 2921; x_wconf 90' lang='lat' dir='ltr'><em>qnoque</em></span> <span class='ocrx_word' id='word_1_222' title='bbox 655 2845 844 2905; x_wconf 89' lang='lat' dir='ltr'><em>Dolabellam</em></span> <span class='ocrx_word' id='word_1_223' title='bbox 875 2848 907 2902; x_wconf 92' lang='lat' dir='ltr'><em>in</em></span> <span class='ocrx_word' id='word_1_224' title='bbox 941 2846 1029 2921; x_wconf 82' lang='lat' dir='ltr'><em>Syria</em></span> <span class='ocrx_word' id='word_1_225' title='bbox 1060 2847 1143 2907; x_wconf 86' lang='lat' dir='ltr'><em>bello</em></span> 
     </span>
     <span class='ocr_line' id='line_1_31' title="bbox 126 2932 1143 3012; baseline 0.002 -20"><span class='ocrx_word' id='word_1_226' title='bbox 126 2933 207 3009; x_wconf 85' lang='lat' dir='ltr'><em>oivili</em></span> <span class='ocrx_word' id='word_1_227' title='bbox 223 2932 372 2991; x_wconf 89' lang='lat' dir='ltr'><em>obsessum</em></span> <span class='ocrx_word' id='word_1_228' title='bbox 392 2937 482 3008; x_wconf 91' lang='lat' dir='ltr'><em>atque</em></span> <span class='ocrx_word' id='word_1_229' title='bbox 501 2936 691 2992; x_wconf 83' lang='lat' dir='ltr'><em>interfectum</em></span> <span class='ocrx_word' id='word_1_230' title='bbox 706 2953 781 3008; x_wconf 79' lang='lat' dir='ltr'><em>esse3</em></span> <span class='ocrx_word' id='word_1_231' title='bbox 800 2954 868 2993; x_wconf 86' lang='lat' dir='ltr'><em>mox</em></span> <span class='ocrx_word' id='word_1_232' title='bbox 883 2935 1006 2993; x_wconf 90' lang='lat' dir='ltr'><em>eundem</em></span> <span class='ocrx_word' id='word_1_233' title='bbox 1022 2955 1143 3012; x_wconf 85' lang='lat' dir='ltr'><em>equum,</em></span> 
     </span>
     <span class='ocr_line' id='line_1_32' title="bbox 126 3021 1143 3098; baseline 0.004 -20"><span class='ocrx_word' id='word_1_234' title='bbox 126 3024 177 3097; x_wconf 90' lang='lat' dir='ltr'><em>qui</em></span> <span class='ocrx_word' id='word_1_235' title='bbox 192 3021 366 3080; x_wconf 90' lang='lat' dir='ltr'><em>Dolabellae</em></span> <span class='ocrx_word' id='word_1_236' title='bbox 380 3024 487 3095; x_wconf 88' lang='lat' dir='ltr'><em>fuerat,</em></span> <span class='ocrx_word' id='word_1_237' title='bbox 502 3021 533 3080; x_wconf 81' lang='lat' dir='ltr'><em>O.</em></span> <span class='ocrx_word' id='word_1_238' title='bbox 547 3022 691 3096; x_wconf 77' lang='lat' dir='ltr'><em>Cassium,</em></span> <span class='ocrx_word' id='word_1_239' title='bbox 707 3026 759 3098; x_wconf 92' lang='lat' dir='ltr'><em>qui</em></span> <span class='ocrx_word' id='word_1_240' title='bbox 773 3023 960 3082; x_wconf 91' lang='lat' dir='ltr'><em>Dolabellam</em></span> <span class='ocrx_word' id='word_1_241' title='bbox 975 3024 1143 3098; x_wconf 80' lang='lat' dir='ltr'><em>obsederat,</em></span> 
     </span>
     <span class='ocr_line' id='line_1_33' title="bbox 126 3110 1142 3187; baseline 0.003 -18"><span class='ocrx_word' id='word_1_242' title='bbox 126 3110 290 3170; x_wconf 86' lang='lat' dir='ltr'><em>abduxisse.</em></span> <span class='ocrx_word' id='word_1_243' title='bbox 337 3129 406 3169; x_wconf 88' lang='lat' dir='ltr'><em>eum</em></span> <span class='ocrx_word' id='word_1_244' title='bbox 438 3110 573 3170; x_wconf 80' lang='lat' dir='ltr'><em>Cassium</em></span> <span class='ocrx_word' id='word_1_245' title='bbox 604 3116 708 3187; x_wconf 87' lang='lat' dir='ltr'><em>postea</em></span> <span class='ocrx_word' id='word_1_246' title='bbox 738 3113 810 3170; x_wconf 88' lang='lat' dir='ltr'><em>satis</em></span> <span class='ocrx_word' id='word_1_247' title='bbox 840 3115 945 3170; x_wconf 91' lang='lat' dir='ltr'><em>notum</em></span> <span class='ocrx_word' id='word_1_248' title='bbox 976 3118 1021 3172; x_wconf 87' lang='lat' dir='ltr'><em>est</em></span> <span class='ocrx_word' id='word_1_249' title='bbox 1051 3115 1142 3173; x_wconf 85' lang='grc'>919119</span> 
     </span>
     <span class='ocr_line' id='line_1_34' title="bbox 85 3199 1142 3277; baseline 0.002 -17"><span class='ocrx_word' id='word_1_250' title='bbox 85 3220 111 3260; x_wconf 76' lang='lat' dir='ltr'><em>as</em></span> <span class='ocrx_word' id='word_1_251' title='bbox 126 3199 261 3275; x_wconf 81' lang='lat' dir='ltr'><em>partibus</em></span> <span class='ocrx_word' id='word_1_252' title='bbox 284 3201 409 3275; x_wconf 85' lang='lat' dir='ltr'><em>fusoque</em></span> <span class='ocrx_word' id='word_1_253' title='bbox 433 3202 563 3259; x_wconf 79' lang='lat' dir='ltr'><em>exercitu</em></span> <span class='ocrx_word' id='word_1_254' title='bbox 586 3220 639 3259; x_wconf 92' lang='lat' dir='ltr'><em>suo</em></span> <span class='ocrx_word' id='word_1_255' title='bbox 662 3203 801 3259; x_wconf 85' lang='lat' dir='ltr'><em>miseram</em></span> <span class='ocrx_word' id='word_1_256' title='bbox 828 3205 954 3260; x_wconf 89' lang='lat' dir='ltr'><em>mortem</em></span> <span class='ocrx_word' id='word_1_257' title='bbox 978 3206 1142 3277; x_wconf 79' lang='lat' dir='ltr'><em>oppetisse3</em></span> 
     </span>
     <span class='ocr_line' id='line_1_35' title="bbox 127 3287 1142 3364; baseline 0.004 -19"><span class='ocrx_word' id='word_1_258' title='bbox 127 3287 231 3347; x_wconf 87' lang='lat' dir='ltr'><em>deinde</em></span> <span class='ocrx_word' id='word_1_259' title='bbox 249 3291 318 3364; x_wconf 91' lang='lat' dir='ltr'><em>post</em></span> <span class='ocrx_word' id='word_1_260' title='bbox 335 3289 502 3347; x_wconf 83' lang='lat' dir='ltr'><em>Antonium</em></span> <span class='ocrx_word' id='word_1_261' title='bbox 521 3293 589 3364; x_wconf 85' lang='lat' dir='ltr'><em>post</em></span> <span class='ocrx_word' id='word_1_262' title='bbox 611 3289 767 3348; x_wconf 87' lang='lat' dir='ltr'><em>interitum</em></span> <span class='ocrx_word' id='word_1_263' title='bbox 788 3289 881 3349; x_wconf 80' lang='lat' dir='ltr'><em>Cassii</em></span> <span class='ocrx_word' id='word_1_264' title='bbox 904 3293 993 3364; x_wconf 86' lang='lat' dir='ltr'><em>parta</em></span> <span class='ocrx_word' id='word_1_265' title='bbox 1013 3293 1142 3350; x_wconf 82' lang='lat' dir='ltr'><em>viatoria</em></span> 
     </span>
     <span class='ocr_line' id='line_1_36' title="bbox 126 3377 1141 3456; baseline 0.005 -22"><span class='ocrx_word' id='word_1_266' title='bbox 126 3396 235 3452; x_wconf 89' lang='lat' dir='ltr'><em>equum</em></span> <span class='ocrx_word' id='word_1_267' title='bbox 259 3378 346 3436; x_wconf 89' lang='lat' dir='ltr'><em>illum</em></span> <span class='ocrx_word' id='word_1_268' title='bbox 368 3378 498 3436; x_wconf 89' lang='lat' dir='ltr'><em>nobilem</em></span> <span class='ocrx_word' id='word_1_269' title='bbox 518 3377 613 3437; x_wconf 75' lang='grc'>(199911</span> <span class='ocrx_word' id='word_1_270' title='bbox 636 3380 794 3453; x_wconf 89' lang='lat' dir='ltr'><em>requisisse</em></span> <span class='ocrx_word' id='word_1_271' title='bbox 818 3382 856 3453; x_wconf 90' lang='grc'><em>91,</em></span> <span class='ocrx_word' id='word_1_272' title='bbox 880 3399 947 3437; x_wconf 84' lang='lat' dir='ltr'><em>oum</em></span> <span class='ocrx_word' id='word_1_273' title='bbox 968 3398 1001 3438; x_wconf 94' lang='lat' dir='ltr'><em>eo</em></span> <span class='ocrx_word' id='word_1_274' title='bbox 1025 3384 1141 3456; x_wconf 86' lang='lat' dir='ltr'><em>potitus</em></span> 
     </span>
     <span class='ocr_line' id='line_1_37' title="bbox 111 3468 1140 3551; baseline 0.005 -28"><span class='ocrx_word' id='word_1_275' title='bbox 111 3471 198 3545; x_wconf 83' lang='lat' dir='ltr'><em>esset,</em></span> <span class='ocrx_word' id='word_1_276' title='bbox 218 3471 322 3549; x_wconf 64' lang='lat' dir='ltr'><em>ipsum</em></span> <span class='ocrx_word' id='word_1_277' title='bbox 344 3488 465 3551; x_wconf 89' lang='grc'>999999</span> <span class='ocrx_word' id='word_1_278' title='bbox 485 3473 592 3550; x_wconf 84' lang='lat' dir='ltr'><em>postea</em></span> <span class='ocrx_word' id='word_1_279' title='bbox 609 3469 726 3530; x_wconf 76' lang='lat' dir='ltr'><em>siolum</em></span> <span class='ocrx_word' id='word_1_280' title='bbox 741 3472 832 3545; x_wconf 81' lang='grc'>91999</span> <span class='ocrx_word' id='word_1_281' title='bbox 846 3468 995 3526; x_wconf 75' lang='lat' dir='ltr'><em>desertum</em></span> <span class='ocrx_word' id='word_1_282' title='bbox 1012 3469 1140 3528; x_wconf 81' lang='lat' dir='ltr'><em>detesta-</em></span> 
     </span>
     <span class='ocr_line' id='line_1_38' title="bbox 93 3553 1153 3646; baseline -0.005 -29"><span class='ocrx_word' id='word_1_283' title='bbox 93 3553 156 3618; x_wconf 83' lang='lat' dir='ltr'><em>bili</em></span> <span class='ocrx_word' id='word_1_284' title='bbox 177 3564 279 3624; x_wconf 81' lang='lat' dir='ltr'><em>exitio</em></span> <span class='ocrx_word' id='word_1_285' title='bbox 304 3566 463 3629; x_wconf 86' lang='lat' dir='ltr'><em>interisse.</em></span> <span class='ocrx_word' id='word_1_286' title='bbox 503 3565 579 3628; x_wconf 80' lang='lat' dir='ltr'><em>hina</em></span> <span class='ocrx_word' id='word_1_287' title='bbox 600 3559 807 3646; x_wconf 74' lang='lat' dir='ltr'><em>prouerbium</em></span> <span class='ocrx_word' id='word_1_288' title='bbox 828 3555 1153 3617; x_wconf 61' lang='grc'>9999999991-</span> 
     </span>
    </p>
   </div>
   <div class='ocr_carea' id='block_1_6' title="bbox 0 0 1224 3840">
    <p class='ocr_par' dir='ltr' id='par_1_7' title="bbox 0 0 1224 3840">
     <span class='ocr_line' id='line_1_39' title="bbox 0 0 1224 3840; baseline 0 0"><span class='ocrx_word' id='word_1_289' title='bbox 0 0 1224 3840; x_wconf 95' lang='lat' dir='ltr'><em> </em></span> 
     </span>
    </p>
   </div>
  </div>
 </body>
</html>
