2422 3840
172 163 401 234 Indigibamenta.
437 164 569 218 Naevius.
606 164 717 217 Fabius.
755 164 875 219 Cincius.
912 165 1020 219 Ennius
1088 165 1105 228 Ἰ

164 325 252 379 Varro
276 325 308 378 de
331 326 348 378 l.
369 326 402 379 L.
424 329 450 390 5,
461 329 496 378 53
518 340 627 378 hune-
643 341 747 386 appeunt.
778 326 860 379 Paul.
880 326 954 379 Fest.
971 343 1001 394 p.
1016 329 1109 392 220,5

85 395 242 460 Palatium,
264 395 296 447 id
320 399 362 448 est
384 413 464 449 mons
483 395 597 461 Romae,
622 395 783 464 appellatus
807 399 849 448 est
868 396 1004 463 quodibi
1024 402 1109 465 pecus

83 483 205 536 >pascens
228 465 325 519 balare
348 467 533 532 consueverit¹
560 467 604 520 vel
627 467 703 535 quod
726 466 823 535 palare
847 467 877 519 id
896 470 939 520 esb
957 485 1049 521 enare
1069 467 1109 520 ibi

85 538 208 607 pecudes
223 537 351 591 solerent.
381 538 612 606 cfiSolia.1,15.
641 539 714 593 Serv.
731 538 800 592 Aen.
816 544 843 604 8,
854 544 888 592 51
908 541 952 608 (ex
967 541 1107 607 Varrone).

87 610 156 663 laid.
176 627 214 664 or.
235 614 277 678 15,
293 613 319 676 3,
335 615 360 663 5.

347 798 391 901 Q.
426 797 624 883 FABIUS
656 798 847 883 PICTOR

479 946 529 999 EX
542 945 721 1000 HISTORIIS

463 1047 579 1130 [HRF
599 1055 621 1111 2
643 1048 738 1132 Peter]

152 1159 263 1219 Fabius
286 1155 348 1237 (a)
373 1159 480 1218 SieuIIs
504 1161 651 1235 profectos
676 1163 816 1235 corrupto
839 1162 958 1219 nomine
980 1161 1107 1220 Vulscos

87 1251 132 1307 aii
156 1249 258 1308 dictos

158 1330 226 1384 [aa.
245 1330 320 1384 codd.
340 1330 426 1384 eccles.
449 1330 531 1383 Talea.
551 1331 589 1383 ad
607 1347 645 1384 or.
660 1334 687 1395 4,
702 1334 726 1395 7,
743 1333 778 1383 34
797 1329 956 1383 Alexander
974 1329 1106 1384 historio-

84 1400 211 1470 graphus
231 1400 283 1456 aii:
307 1400 426 1454 Vulseos
449 1400 565 1468 quidam
589 1400 748 1469 appellatos
768 1399 848 1454 aiunt
867 1417 884 1454 a
902 1401 1005 1455 Vulseo
1025 1401 1106 1454 Ansi-

83 1471 191 1540 phatae
209 1471 408 1542 Laesbygonis
427 1470 493 1525 filio,
529 1486 614 1526 uanius
633 1489 743 1540 quoque
763 1498 776 1525 a
791 1505 824 1512 -
839 1487 918 1527 dictos.

162 1559 175 1604 1
198 1567 215 1604 a
234 1551 299 1623 Sia]
320 1551 441 1606 sicolieis
460 1554 501 1606 vel
519 1551 559 1606 sie
578 1551 674 1605 celicia
694 1553 770 1607 codd.

264 1778 308 1861 L.
344 1775 571 1861 CINCIUS
604 1775 926 1861 ALIMFNTUS

477 1925 527 1978 EX
540 1924 719 1979 HISTORIIS

457 2035 574 2119 [ΗΒΕ
594 2043 617 2100 2
640 2034 735 2118 Peter]

154 2145 273 2206 Oineius
284 2150 314 2205 et
325 2146 443 2207 Cassius
459 2142 511 2226 [fr.
520 2142 555 2227 3]
571 2150 656 2207 aiunt
671 2147 707 2205 ab
717 2147 858 2206 Euandro
867 2147 1005 2205 Faunum
1017 2148 1104 2207 deum

83 2236 278 2311 appellatum,
301 2236 426 2311 ideoque
451 2237 536 2295 aedes
561 2255 659 2295 sacras
681 2238 787 2295 saunas
806 2238 903 2311 primo
928 2238 1105 2312 appellataa

81 2327 190 2400 postea
197 2325 268 2384 fana
275 2325 365 2401 dieta,
377 2329 407 2384 et
417 2345 451 2384 ex
460 2345 493 2384 eo
500 2329 552 2400 qui
559 2328 662 2384 futura
669 2327 874 2401 praecinerent
881 2326 1027 2384 fanaticos
1035 2326 1102 2385 diei.

156 2415 229 2470 Sere.
248 2415 325 2469 Dan.
344 2433 369 2486 9.
390 2421 414 2482 1,
429 2421 465 2469 10
483 2428 573 2470 cneius
587 2447 620 2455 -
636 2430 686 2468 (uu.
723 2417 781 2469 Iac.
802 2415 834 2468 de
852 2415 912 2480 eb'ff.
935 2415 1027 2469 CGK
1045 2417 1106 2469 VII

82 2489 149 2550 523,
163 2489 202 2540 28
224 2485 321 2539 fanum
340 2486 436 2539 Fauno
456 2488 656 2552 consecratum,
683 2487 757 2538 unde
776 2484 866 2538 Fauni
886 2485 1104 2554 appellabantur

81 2557 163 2626 prius
181 2558 210 2609 el
228 2556 272 2610 illi
290 2557 339 2626 qui
357 2557 537 2626 vagabantur
555 2556 681 2611 sanabiei.
714 2558 748 2623 ef.
770 2560 858 2611 Varro
877 2557 910 2610 de
927 2559 944 2610 l.
962 2557 996 2610 L.
1018 2563 1044 2623 6,
1060 2563 1102 2612 54.

83 2628 167 2684 Proh.
189 2629 265 2699 Vere.
285 2648 309 2698 9.
330 2631 346 2683 l.
363 2646 383 2682 e.
410 2637 504 2683 utrum
526 2631 591 2682 baec
614 2630 651 2682 ael
675 2630 843 2682 Alimentum
866 2645 905 2681 aa
928 2628 966 2682 ad
988 2630 1104 2683 alterum

84 2701 211 2754 carulum
229 2702 395 2768 pertineant,
415 2701 529 2754 dubium
547 2707 600 2765 est;
622 2701 669 2754 sed
686 2717 783 2753 aenaea
804 2701 894 2754 Cassii
911 2701 1046 2754 adiectum
1065 2702 1104 2753 acl

77 2772 202 2840 priorem
220 2773 316 2825 melius
328 2772 406 2837 feeit,
425 2789 509 2839 neque
523 2789 614 2825 rerum
628 2772 784 2839 saeptorem
798 2773 976 2838 veriloquium
990 2773 1102 2837 dedecet,

82 2859 250 2910 quamquam
275 2843 386 2897 Servius
410 2844 444 2896 L.
474 2843 598 2898 Cincium
625 2859 723 2896 rursus
750 2843 867 2908 afferens
893 2846 1103 2911 erammutham

81 2914 216 2983 entelleye't
234 2915 279 2982 (cf.
298 2915 336 2968 ad
354 2915 426 2968 bene
444 2914 480 2980 fr.
497 2918 549 2983 16).

445 3103 488 3206 Q.
522 3102 732 3186 ENNIUS

457 3252 504 3304 EX
524 3251 732 3304 ANNALIBUS

456 3363 473 3414 1
499 3351 556 3436 [59
586 3350 728 3436 Vahleffl]

80 3514 83 3521 .
149 3464 322 3522 nomInatae
347 3458 476 3543 [tribus]
499 3467 534 3522 ut
557 3466 601 3522 aii
623 3465 748 3537 Ennius,
772 3465 919 3522 Titienses
943 3463 980 3521 ab
1003 3463 1107 3534 Talia5

80 3553 263 3611 Ramnenses
287 3553 324 3611 ab
347 3554 484 3612 Romulo,
