2422 3840
128 178 196 242 474
295 178 504 232 Grammaticos
523 179 626 233 sebaim
644 180 805 249 Angustiae
824 179 983 248 fragmenta

131 338 309 406 Cornificium
328 340 456 410 Lanpum
475 339 563 394 Seruii
580 346 717 395 auctorem
736 339 782 406 (fr.
796 343 824 409 4)
847 340 959 394 eundem
980 356 1046 406 esse,
1070 356 1149 408 quem

129 412 213 466 libras
235 411 280 464 De
303 413 398 480 etymis
420 411 533 465 dearum
554 412 694 479 scripsisse
717 411 869 480 accepimus
894 412 939 479 (fr.
956 415 980 464 1.
994 414 1037 478 2),
1062 427 1149 480 meque

129 483 218 536 alium
232 481 310 536 Festi
325 483 357 535 i‘n
370 482 528 536 nominibus
543 483 648 537 diuinis
664 484 782 536 sacrisie
801 489 937 537 auctorem
956 488 1006 536 aut
1019 482 1148 549 Arriabii,

25 594 27 597 .
130 555 179 621 qui
197 554 235 607 ad
252 569 341 608 rocem
361 554 531 608 ‘novensiles'
553 554 731 620 Cornificium
749 570 810 607 cum
829 554 908 609 Aelio
927 559 952 608 et
970 553 1066 609 Cincio
1091 570 1149 608 non

129 624 210 679 aliter
232 641 265 679 ac
284 625 383 680 Festus
408 626 552 696 caniunpi‘t
576 625 621 694 (ef,
642 625 775 680 Wi'ssoua
794 625 856 680 RE
874 628 995 691 e,1630.
1028 624 1061 677 de
1081 626 1147 678 Μα-

128 696 197 750 crab.
211 701 318 750 saturn.
332 696 401 761 font.
412 712 443 765 p.
458 697 511 764 43).
539 696 586 751 sed
598 698 625 750 si
637 697 794 765 quaerimus
808 696 875 764 qnid
890 695 1035 762 Cornificio
1049 695 1148 765 Lonpo

128 768 556 908 llllll‘aqlllslwllllrl’
570 767 1149 904 letlllteediilbefftlbllltl

129 879 316 978 ilalinardo),
336 909 448 964 eundem
467 911 520 964 alii'
538 880 640 980 (Berplb
658 925 700 979 ap.
717 915 741 975 1,
756 913 816 964 546.
845 909 971 975 Ribbeck,
984 911 1089 979 prolep.
1109 910 1149 963 ad

133 980 210 1051 Verp.
225 997 256 1049 p.
272 983 325 1050 96).
363 987 389 1035 et
414 981 522 1048 quidem
549 987 618 1036 certe
644 982 717 1035 nibil
743 982 809 1034 miri
836 980 1014 1048 Cornificium
1036 987 1149 1048 poetam

129 1058 215 1106 artem
232 1054 453 1122 prammaticam,
475 1057 508 1104 ut
532 1053 671 1107 Valerium
690 1051 819 1107 Catonem
840 1053 973 1119 aliosque,
994 1052 1149 1119 professum

128 1139 200 1189 esse;
226 1130 339 1178 atium
362 1125 442 1177 illum
465 1124 652 1194 Hieronymus
677 1124 725 1191 (ad
749 1141 774 1176 a.
795 1125 861 1178 Abr.
878 1125 962 1192 1976)
988 1140 1013 1176 a.
1035 1123 1148 1195 713l41

128 1200 265 1249 mortuum
282 1211 337 1249 esse
355 1195 457 1260 tradat,
476 1196 502 1248 si
519 1197 551 1260 iS,
570 1201 603 1248 ut
619 1196 699 1264 culpo
715 1200 841 1263 putatur,
860 1212 879 1247 a
899 1194 1000 1264 Quin-ta
1021 1193 1149 1250 Caesaris

124 1273 302 1335 propraetore
318 1266 505 1334 Ciceronisque
523 1266 662 1334 familiari
679 1265 803 1320 diuersus
820 1282 877 1321 non
895 1272 942 1330 est,
960 1272 1082 1334 tempora
1099 1268 1149 1320 iia

128 1344 287 1392 consonuit.
320 1353 382 1391 cum
395 1338 467 1391 enim
481 1338 512 1390 iri
525 1338 620 1406 etpmis
639 1337 685 1405 (fr.
700 1340 729 1405 2)
749 1336 886 1391 Ciceronis
904 1337 970 1391 libri
983 1338 1027 1391 De
1040 1343 1149 1391 natura

128 1409 239 1462 manin
267 1426 292 1462 a.
317 1407 416 1480 italie
444 1407 511 1462 editi
538 1415 730 1473 memorentur,
762 1408 894 1475 quamodo
924 1408 1089 1474 Cornificius
1115 1409 1148 1461 in

128 1479 214 1549 Syria
231 1486 257 1534 et
274 1480 375 1546 Africa
397 1481 474 1533 intra
493 1478 866 1551 annas709l45-713l41
891 1481 966 1533 bellis
988 1479 1148 1547 implicatus

128 1567 171 1605 eas
188 1552 272 1620 lepore
291 1558 315 1605 et
333 1567 402 1620 opus
419 1550 584 1605 eruditionis
602 1551 716 1619 plenum
734 1551 848 1605 scribere
866 1552 988 1619 potuisse
1007 1549 1148 1604 creditur?

124 1623 293 1690 prudentius
318 1624 405 1692 ipitiir
423 1629 533 1689 poetam
556 1639 575 1675 a
597 1624 775 1692 prammatica
800 1623 989 1687 discernemus,
1015 1623 1098 1675 etiam
1121 1624 1149 1676 si

128 1700 272 1761 utrumque
293 1694 455 1747 Macrobius
475 1692 621 1759 Cornificio
643 1695 752 1747 nomine
775 1694 934 1760 simpliciter
957 1694 1051 1759 affert,
1078 1710 1148 1761 quae

128 1767 239 1818 incuria
258 1765 335 1832 apud
350 1764 468 1818 Latinas
481 1767 624 1832 scriptores
639 1767 750 1832 saepius
768 1764 978 1832 deprehenditur
997 1765 1041 1832 (cf.
1056 1766 1148 1833 ipsam

130 1836 254 1890 Macrob.
281 1836 314 1889 de
340 1836 532 1904 Labeonibus).
584 1842 680 1889 contra
704 1836 818 1906 Verpilii
843 1836 1057 1901 obtrectatorem,
1086 1852 1148 1889 cum

127 1913 250 1976 tenuiora
276 1924 333 1961 non
360 1908 464 1961 obstent
495 1906 540 1976 (cf.
570 1906 718 1972 Weicliert,
745 1913 828 1977 poelt.
857 1907 933 1961 Lan.
961 1907 1018 1960 rell.
1042 1923 1073 1974 p.
1093 1910 1148 1961 165

129 1978 194 2031 adu.
211 1979 264 2046 11),
283 1995 339 2032 nan
357 1979 445 2032 alium
464 1995 517 2031 esse
531 1984 601 2046 puta
621 1993 653 2031 ae
671 1986 727 2031 τῶν
741 1975 883 2045 νεωτέρων
903 1978 1057 2045 Catullique
1077 1980 1147 2031 arni-

128 2067 203 2112 cum,
228 2065 290 2103 cum
308 2051 471 2118 praesertim
497 2049 613 2103 Ovidius
635 2049 701 2102 ibid.
725 2050 857 2103 Anserem
879 2049 994 2119 Verpilii
1015 2049 1147 2103 obtrecta-

129 2126 212 2175 torem
234 2127 370 2187 memoret,
396 2122 445 2188 qui
466 2137 563 2174 rursus
586 2137 603 2173 a
627 2121 740 2174 Donato
762 2121 794 2173 in
816 2121 875 2174 rita
894 2120 970 2190 Verp.
995 2121 1036 2188 (p.
1052 2122 1147 2188 6613.)

128 2208 189 2246 enm
209 2192 355 2258 Cornificio
378 2193 556 2246 consociatur.
589 2208 674 2260 neque
697 2193 727 2245 id
750 2191 919 2256 adversatur,
945 2191 1017 2258 quod
1035 2191 1148 2245 Seruius

128 2264 160 2316 in
177 2266 308 2333 peorpicis
331 2267 366 2332 (1,
380 2265 459 2332 210),
485 2279 554 2330 quae
568 2269 633 2330 post
654 2264 796 2316 interitum
816 2263 958 2329 Cornificii
976 2263 1050 2316 edita
1072 2269 1147 2329 sunt,

128 2351 234 2388 uersum
255 2335 347 2401 refert,
373 2351 424 2403 quo
447 2336 472 2388 is
494 2335 612 2399 formam
636 2333 767 2388 ‘hordea’
789 2334 959 2403 obiurpaait;
986 2335 1051 2387 llaec
1074 2336 1147 2386 enim

128 2408 160 2460 in
179 2406 308 2460 bucolicis
325 2409 361 2474 (5,
377 2408 422 2474 36)
441 2422 546 2474 quaque
564 2405 710 2459 invenitur.

201 2495 364 2562 Cornificius
378 2495 493 2564 Lampus
502 2499 566 2562 post
580 2511 605 2546 a.
617 2493 691 2563 710]
694 2498 728 2547 44
743 2501 768 2548 et
782 2501 844 2548 ante
858 2494 943 2548 editos
958 2494 1049 2548 Verrii
1062 2495 1147 2548 libras

128 2567 172 2620 De
190 2567 331 2621 uerborum
349 2566 508 2636 sipniflcatu
527 2566 644 2635 scripsit.

499 2866 772 2935 FRAGMENTA

447 3062 497 3115 DE
516 3061 651 3115 ETYMIS
669 3061 824 3116 DEORUM

199 3225 288 3292 operis
305 3225 509 3293 inscriptionem
524 3240 542 3275 a
557 3224 701 3278 Macrobii
715 3225 850 3288 arinulam
864 3223 1028 3276 Priscianus
1044 3225 1147 3277 rectius

128 3294 253 3348 tradidit.
290 3311 350 3349 cam
369 3297 400 3349 iri
419 3297 511 3363 prima
534 3296 603 3348 libra
626 3311 723 3348 nontin
741 3311 756 3349 c
774 3295 865 3347 littera
888 3295 1022 3362 iucipiens
1045 3294 1092 3359 (fr.
1110 3297 1146 3362 1),

127 3367 159 3418 in
171 3367 250 3421 tertio
264 3373 355 3420 autem
368 3368 460 3420 littera
473 3368 485 3419 i
499 3367 544 3432 (fr.
553 3369 583 3434 2)
602 3367 759 3434 explicetur,
778 3366 889 3419 deorum
903 3365 1100 3433 appellationes
1114 3367 1146 3418 iii

111 3437 240 3493 oral'rrem
260 3439 420 3496 litterarum
434 3439 555 3514 dipestas
575 3455 628 3494 esse
646 3439 782 3508 suspicari
800 3439 868 3490 licet.
899 3437 951 3490 liac
967 3435 1146 3504 dispositione

97 3523 154 3563 aas
176 3527 276 3570 amnes
298 3517 414 3588 plassas
437 3517 504 3574 deos
526 3515 721 3588 respicientes,
746 3511 828 3565 etiam
849 3508 898 3563 ubi
914 3508 983 3560 iiiii
1006 3506 1148 3571 Osinifuii

82 3585 260 3645 luminatus
279 3607 343 3650 non
363 3600 417 3664 est,
436 3593 606 3665 referimus.
647 3588 685 3658 cf.
706 3584 800 3657 Berpli
819 3597 866 3650 οφ·
884 3585 913 3646 1,
924 3580 985 3629 458.
