<?xml version="1.0" encoding="UTF-8"?>
<!DOCTYPE html PUBLIC "-//W3C//DTD XHTML 1.0 Transitional//EN"
    "http://www.w3.org/TR/xhtml1/DTD/xhtml1-transitional.dtd">
<html xmlns="http://www.w3.org/1999/xhtml" xml:lang="en" lang="en">
 <head>
  <title>
</title>
<meta http-equiv="Content-Type" content="text/html;charset=utf-8" />
  <meta name='ocr-system' content='tesseract 3.04.00' />
  <meta name='ocr-capabilities' content='ocr_page ocr_carea ocr_par ocr_line ocrx_word'/>
</head>
<body>
  <div class='ocr_page' id='page_1' title='image "./grammaticaeroma01funagoog_0364.png"; bbox 0 0 2422 3840; ppageno 0'>
   <div class='ocr_carea' id='block_1_1' title="bbox 427 158 1086 223">
    <p class='ocr_par' dir='ltr' id='par_1_1' title="bbox 427 158 1086 223">
     <span class='ocr_line' id='line_1_1' title="bbox 427 158 1086 223; baseline 0.015 -12"><span class='ocrx_word' id='word_1_1' title='bbox 427 158 462 212; x_wconf 89' lang='lat' dir='ltr'><strong>M.</strong></span> <span class='ocrx_word' id='word_1_2' title='bbox 483 159 629 212; x_wconf 84' lang='lat' dir='ltr'><strong>Terentius</strong></span> <span class='ocrx_word' id='word_1_3' title='bbox 648 159 735 214; x_wconf 85' lang='lat' dir='ltr'><strong>Varro</strong></span> <span class='ocrx_word' id='word_1_4' title='bbox 1022 159 1086 223; x_wconf 82' lang='lat'><strong>329</strong></span> 
     </span>
    </p>
   </div>
   <div class='ocr_carea' id='block_1_2' title="bbox 69 328 1128 836">
    <p class='ocr_par' dir='ltr' id='par_1_2' title="bbox 69 328 1128 836">
     <span class='ocr_line' id='line_1_2' title="bbox 70 328 1087 405; baseline -0.003 -16"><span class='ocrx_word' id='word_1_5' title='bbox 70 349 137 389; x_wconf 86' lang='lat' dir='ltr'><strong>osce</strong></span> <span class='ocrx_word' id='word_1_6' title='bbox 175 328 299 388; x_wconf 85' lang='lat' dir='ltr'><strong>doceret.</strong></span> <span class='ocrx_word' id='word_1_7' title='bbox 356 347 426 386; x_wconf 86' lang='lat' dir='ltr'><strong>uam</strong></span> <span class='ocrx_word' id='word_1_8' title='bbox 462 329 494 386; x_wconf 91' lang='lat' dir='ltr'><strong>in</strong></span> <span class='ocrx_word' id='word_1_9' title='bbox 530 329 699 404; x_wconf 84' lang='lat' dir='ltr'><strong>provincias</strong></span> <span class='ocrx_word' id='word_1_10' title='bbox 737 347 854 404; x_wconf 92' lang='lat' dir='ltr'><strong>quoque</strong></span> <span class='ocrx_word' id='word_1_11' title='bbox 891 328 1087 405; x_wconf 85' lang='lat' dir='ltr'><strong>grammatica</strong></span> 
     </span>
     <span class='ocr_line' id='line_1_3' title="bbox 69 417 1087 496; baseline -0.002 -18"><span class='ocrx_word' id='word_1_12' title='bbox 69 421 289 496; x_wconf 80' lang='lat' dir='ltr'><strong>penetraverat,</strong></span> <span class='ocrx_word' id='word_1_13' title='bbox 312 437 347 475; x_wconf 87' lang='lat' dir='ltr'><strong>ac</strong></span> <span class='ocrx_word' id='word_1_14' title='bbox 366 436 425 476; x_wconf 90' lang='lat' dir='ltr'><strong>non</strong></span> <span class='ocrx_word' id='word_1_15' title='bbox 444 417 519 476; x_wconf 89' lang='lat' dir='ltr'><strong>nulli</strong></span> <span class='ocrx_word' id='word_1_16' title='bbox 538 417 574 476; x_wconf 90' lang='lat' dir='ltr'><strong>de</strong></span> <span class='ocrx_word' id='word_1_17' title='bbox 592 419 757 477; x_wconf 76' lang='lat' dir='ltr'><strong>notissimis</strong></span> <span class='ocrx_word' id='word_1_18' title='bbox 777 417 946 496; x_wconf 88' lang='lat' dir='ltr'><strong>doctoribus</strong></span> <span class='ocrx_word' id='word_1_19' title='bbox 964 437 1087 495; x_wconf 79' lang='lat' dir='ltr'>peregre</span> 
     </span>
     <span class='ocr_line' id='line_1_4' title="bbox 71 505 1086 584; baseline 0 -18"><span class='ocrx_word' id='word_1_20' title='bbox 71 508 244 581; x_wconf 85' lang='lat' dir='ltr'><strong>docueruut,</strong></span> <span class='ocrx_word' id='word_1_21' title='bbox 271 507 398 565; x_wconf 85' lang='lat' dir='ltr'><strong>maxime</strong></span> <span class='ocrx_word' id='word_1_22' title='bbox 421 506 453 565; x_wconf 88' lang='lat' dir='ltr'><strong>in</strong></span> <span class='ocrx_word' id='word_1_23' title='bbox 478 505 577 565; x_wconf 85' lang='lat' dir='ltr'><strong>Gallia</strong></span> <span class='ocrx_word' id='word_1_24' title='bbox 600 509 718 584; x_wconf 59' lang='lat' dir='ltr'><strong>togam</strong></span> <span class='ocrx_word' id='word_1_25' title='bbox 745 509 824 566; x_wconf 86' lang='lat' dir='ltr'><strong>iuter</strong></span> <span class='ocrx_word' id='word_1_26' title='bbox 848 527 920 582; x_wconf 91' lang='lat' dir='ltr'><strong>quos</strong></span> <span class='ocrx_word' id='word_1_27' title='bbox 945 505 1086 566; x_wconf 84' lang='lat' dir='ltr'><strong>Octavius</strong></span> 
     </span>
     <span class='ocr_line' id='line_1_5' title="bbox 71 595 1086 673; baseline -0.002 -17"><span class='ocrx_word' id='word_1_28' title='bbox 71 598 184 657; x_wconf 78' lang='lat' dir='ltr'>Teucer</span> <span class='ocrx_word' id='word_1_29' title='bbox 207 599 237 657; x_wconf 88' lang='lat' dir='ltr'><strong>st</strong></span> <span class='ocrx_word' id='word_1_30' title='bbox 261 595 435 656; x_wconf 85' lang='lat' dir='ltr'><strong>Sescennius</strong></span> <span class='ocrx_word' id='word_1_31' title='bbox 457 596 582 655; x_wconf 84' lang='lat' dir='ltr'><strong>Iuechus</strong></span> <span class='ocrx_word' id='word_1_32' title='bbox 606 598 637 654; x_wconf 88' lang='lat' dir='ltr'><strong>et</strong></span> <span class='ocrx_word' id='word_1_33' title='bbox 660 595 774 673; x_wconf 91' lang='lat' dir='ltr'><strong>Oppius</strong></span> <span class='ocrx_word' id='word_1_34' title='bbox 799 595 921 672; x_wconf 79' lang='lat' dir='ltr'><strong>Chares3</strong></span> <span class='ocrx_word' id='word_1_35' title='bbox 951 597 999 654; x_wconf 91' lang='lat' dir='ltr'><strong>hic</strong></span> <span class='ocrx_word' id='word_1_36' title='bbox 1023 596 1086 672; x_wconf 92' lang='lat' dir='ltr'><strong>qui·</strong></span> 
     </span>
     <span class='ocr_line' id='line_1_6' title="bbox 71 685 1128 763; baseline -0.002 -18"><span class='ocrx_word' id='word_1_37' title='bbox 71 687 139 746; x_wconf 91' lang='lat' dir='ltr'><strong>dem</strong></span> <span class='ocrx_word' id='word_1_38' title='bbox 162 687 201 745; x_wconf 87' lang='lat' dir='ltr'><strong>ad</strong></span> <span class='ocrx_word' id='word_1_39' title='bbox 222 687 360 744; x_wconf 85' lang='lat' dir='ltr'><strong>ultimam</strong></span> <span class='ocrx_word' id='word_1_40' title='bbox 384 688 515 744; x_wconf 83' lang='lat' dir='ltr'><strong>aetatem</strong></span> <span class='ocrx_word' id='word_1_41' title='bbox 538 686 569 744; x_wconf 85' lang='lat' dir='ltr'><strong>et</strong></span> <span class='ocrx_word' id='word_1_42' title='bbox 591 703 658 744; x_wconf 87' lang='lat' dir='ltr'><strong>cum</strong></span> <span class='ocrx_word' id='word_1_43' title='bbox 679 687 740 744; x_wconf 90' lang='lat' dir='ltr'><strong>iam</strong></span> <span class='ocrx_word' id='word_1_44' title='bbox 764 706 822 744; x_wconf 90' lang='lat' dir='ltr'><strong>non</strong></span> <span class='ocrx_word' id='word_1_45' title='bbox 841 688 977 763; x_wconf 70' lang='lat' dir='ltr'><strong>ingressu</strong></span> <span class='ocrx_word' id='word_1_46' title='bbox 999 685 1086 744; x_wconf 87' lang='lat' dir='ltr'><strong>modo</strong></span> <span class='ocrx_word' id='word_1_47' title='bbox 1102 702 1128 743; x_wconf 84' lang='lat' dir='ltr'><strong>so</strong></span> 
     </span>
     <span class='ocr_line' id='line_1_7' title="bbox 71 776 470 836; baseline -0.003 -2"><span class='ocrx_word' id='word_1_48' title='bbox 71 776 246 836; x_wconf 85' lang='lat' dir='ltr'><strong>deficeretur</strong></span> <span class='ocrx_word' id='word_1_49' title='bbox 268 776 320 836; x_wconf 89' lang='lat' dir='ltr'><strong>sed</strong></span> <span class='ocrx_word' id='word_1_50' title='bbox 343 778 373 834; x_wconf 83' lang='lat' dir='ltr'><strong>et</strong></span> <span class='ocrx_word' id='word_1_51' title='bbox 395 777 470 834; x_wconf 79' lang='lat' dir='ltr'><strong>visu.</strong></span> 
     </span>
    </p>
   </div>
   <div class='ocr_carea' id='block_1_3' title="bbox 70 875 1087 1445">
    <p class='ocr_par' dir='ltr' id='par_1_3' title="bbox 70 875 1087 1445">
     <span class='ocr_line' id='line_1_8' title="bbox 143 875 1087 944; baseline -0.003 -15"><span class='ocrx_word' id='word_1_52' title='bbox 143 875 215 930; x_wconf 68' lang='lat' dir='ltr'>Suet.</span> <span class='ocrx_word' id='word_1_53' title='bbox 231 875 263 929; x_wconf 75' lang='lat' dir='ltr'><strong>de</strong></span> <span class='ocrx_word' id='word_1_54' title='bbox 276 891 388 944; x_wconf 61' lang='lat' dir='ltr'><strong>mamm.</strong></span> <span class='ocrx_word' id='word_1_55' title='bbox 401 879 416 927; x_wconf 91' lang='grc'><em>1</em></span> <span class='ocrx_word' id='word_1_56' title='bbox 435 888 580 937; x_wconf 74' lang='lat' dir='ltr'><strong>grammatica</strong></span> <span class='ocrx_word' id='word_1_57' title='bbox 593 887 677 928; x_wconf 77' lang='lat' dir='ltr'><strong>Romae</strong></span> <span class='ocrx_word' id='word_1_58' title='bbox 691 906 717 914; x_wconf 91' lang='lat'><em>-</em></span> <span class='ocrx_word' id='word_1_59' title='bbox 731 890 895 938; x_wconf 68' lang='lat' dir='ltr'><strong>presagabant.</strong></span> <span class='ocrx_word' id='word_1_60' title='bbox 928 893 993 928; x_wconf 78' lang='lat' dir='ltr'><strong>nam</strong></span> <span class='ocrx_word' id='word_1_61' title='bbox 1012 875 1087 942; x_wconf 86' lang='lat' dir='ltr'><strong>quod</strong></span> 
     </span>
     <span class='ocr_line' id='line_1_9' title="bbox 70 943 1087 1013; baseline -0.001 -14"><span class='ocrx_word' id='word_1_62' title='bbox 70 963 128 1000; x_wconf 92' lang='lat' dir='ltr'><strong>non</strong></span> <span class='ocrx_word' id='word_1_63' title='bbox 137 945 209 998; x_wconf 87' lang='lat' dir='ltr'><strong>nulli</strong></span> <span class='ocrx_word' id='word_1_64' title='bbox 218 946 335 999; x_wconf 84' lang='lat' dir='ltr'><strong>tradunt</strong></span> <span class='ocrx_word' id='word_1_65' title='bbox 343 945 412 998; x_wconf 87' lang='lat' dir='ltr'><strong>duos</strong></span> <span class='ocrx_word' id='word_1_66' title='bbox 421 944 507 998; x_wconf 90' lang='lat' dir='ltr'><strong>libros</strong></span> <span class='ocrx_word' id='word_1_67' title='bbox 519 946 553 998; x_wconf 90' lang='lat' dir='ltr'><strong>ds</strong></span> <span class='ocrx_word' id='word_1_68' title='bbox 563 943 666 998; x_wconf 85' lang='lat' dir='ltr'><strong>litteris</strong></span> <span class='ocrx_word' id='word_1_69' title='bbox 676 944 857 1013; x_wconf 79' lang='lat' dir='ltr'><strong>syllabisque,</strong></span> <span class='ocrx_word' id='word_1_70' title='bbox 867 947 936 999; x_wconf 90' lang='lat' dir='ltr'><strong>item</strong></span> <span class='ocrx_word' id='word_1_71' title='bbox 946 947 981 1000; x_wconf 87' lang='lat' dir='ltr'><strong>de</strong></span> <span class='ocrx_word' id='word_1_72' title='bbox 990 946 1087 998; x_wconf 85' lang='lat' dir='ltr'><strong>metris</strong></span> 
     </span>
     <span class='ocr_line' id='line_1_10' title="bbox 71 1015 1087 1087; baseline 0 -16"><span class='ocrx_word' id='word_1_73' title='bbox 71 1018 107 1072; x_wconf 82' lang='lat' dir='ltr'><strong>ab</strong></span> <span class='ocrx_word' id='word_1_74' title='bbox 127 1018 226 1071; x_wconf 87' lang='lat' dir='ltr'><strong>eodem</strong></span> <span class='ocrx_word' id='word_1_75' title='bbox 245 1016 335 1071; x_wconf 80' lang='lat' dir='ltr'><strong>Ennio</strong></span> <span class='ocrx_word' id='word_1_76' title='bbox 362 1016 465 1082; x_wconf 81' lang='lat' dir='ltr'><strong>editos,</strong></span> <span class='ocrx_word' id='word_1_77' title='bbox 491 1015 551 1069; x_wconf 85' lang='lat' dir='ltr'><strong>iure</strong></span> <span class='ocrx_word' id='word_1_78' title='bbox 575 1017 669 1086; x_wconf 82' lang='lat' dir='ltr'><strong>arguit</strong></span> <span class='ocrx_word' id='word_1_79' title='bbox 687 1016 716 1069; x_wconf 89' lang='lat' dir='ltr'><strong>L.</strong></span> <span class='ocrx_word' id='word_1_80' title='bbox 734 1015 816 1070; x_wconf 84' lang='lat' dir='ltr'><strong>Cotta</strong></span> <span class='ocrx_word' id='word_1_81' title='bbox 834 1034 890 1071; x_wconf 89' lang='lat' dir='ltr'><strong>nou</strong></span> <span class='ocrx_word' id='word_1_82' title='bbox 913 1020 1013 1087; x_wconf 86' lang='lat' dir='ltr'><strong>poetae</strong></span> <span class='ocrx_word' id='word_1_83' title='bbox 1038 1018 1087 1071; x_wconf 88' lang='lat' dir='ltr'><strong>sed</strong></span> 
     </span>
     <span class='ocr_line' id='line_1_11' title="bbox 70 1087 1086 1160; baseline -0.001 -18"><span class='ocrx_word' id='word_1_84' title='bbox 70 1087 234 1158; x_wconf 84' lang='lat' dir='ltr'><strong>posterioris</strong></span> <span class='ocrx_word' id='word_1_85' title='bbox 254 1088 338 1141; x_wconf 84' lang='lat' dir='ltr'><strong>Ennii</strong></span> <span class='ocrx_word' id='word_1_86' title='bbox 357 1104 425 1156; x_wconf 83' lang='lat' dir='ltr'><strong>esse,</strong></span> <span class='ocrx_word' id='word_1_87' title='bbox 446 1087 524 1141; x_wconf 88' lang='lat' dir='ltr'><strong>cuius</strong></span> <span class='ocrx_word' id='word_1_88' title='bbox 543 1088 629 1141; x_wconf 84' lang='lat' dir='ltr'><strong>etiam</strong></span> <span class='ocrx_word' id='word_1_89' title='bbox 644 1088 679 1142; x_wconf 92' lang='lat' dir='ltr'><strong>de</strong></span> <span class='ocrx_word' id='word_1_90' title='bbox 698 1088 856 1159; x_wconf 76' lang='lat' dir='ltr'><strong>augurandi</strong></span> <span class='ocrx_word' id='word_1_91' title='bbox 875 1089 952 1160; x_wconf 89' lang='lat' dir='ltr'><strong>[-rali</strong></span> <span class='ocrx_word' id='word_1_92' title='bbox 972 1090 1086 1143; x_wconf 79' lang='lat' dir='ltr'><strong>Vindob.</strong></span> 
     </span>
     <span class='ocr_line' id='line_1_12' title="bbox 74 1159 1087 1231; baseline -0.001 -17"><span class='ocrx_word' id='word_1_93' title='bbox 74 1161 174 1231; x_wconf 68' lang='lat' dir='ltr'><strong>Onon]</strong></span> <span class='ocrx_word' id='word_1_94' title='bbox 193 1159 344 1228; x_wconf 88' lang='lat' dir='ltr'><strong>disciplina</strong></span> <span class='ocrx_word' id='word_1_95' title='bbox 363 1159 505 1213; x_wconf 88' lang='lat' dir='ltr'><strong>volumina</strong></span> <span class='ocrx_word' id='word_1_96' title='bbox 523 1159 656 1213; x_wconf 81' lang='lat' dir='ltr'><strong>ferantur.</strong></span> <span class='ocrx_word' id='word_1_97' title='bbox 689 1175 773 1222; x_wconf 73' lang='lat' dir='ltr'><strong>primus</strong></span> <span class='ocrx_word' id='word_1_98' title='bbox 786 1193 813 1200; x_wconf 96' lang='lat'><em>-</em></span> <span class='ocrx_word' id='word_1_99' title='bbox 826 1175 944 1215; x_wconf 74' lang='lat' dir='ltr'><strong>fammaris</strong></span> <span class='ocrx_word' id='word_1_100' title='bbox 958 1175 999 1226; x_wconf 77' lang='lat' dir='ltr'><strong>sus,</strong></span> <span class='ocrx_word' id='word_1_101' title='bbox 1017 1178 1087 1228; x_wconf 90' lang='lat' dir='ltr'><strong>quas</strong></span> 
     </span>
     <span class='ocr_line' id='line_1_13' title="bbox 70 1230 1087 1301; baseline 0 -16"><span class='ocrx_word' id='word_1_102' title='bbox 70 1231 175 1300; x_wconf 79' lang='lat' dir='ltr'><strong>legisse</strong></span> <span class='ocrx_word' id='word_1_103' title='bbox 189 1249 218 1285; x_wconf 88' lang='lat' dir='ltr'><strong>se</strong></span> <span class='ocrx_word' id='word_1_104' title='bbox 234 1232 308 1300; x_wconf 88' lang='lat' dir='ltr'><strong>apud</strong></span> <span class='ocrx_word' id='word_1_105' title='bbox 319 1230 488 1285; x_wconf 80' lang='lat' dir='ltr'>Archelaum</span> <span class='ocrx_word' id='word_1_106' title='bbox 496 1230 646 1299; x_wconf 90' lang='lat' dir='ltr'><strong>Pompeius</strong></span> <span class='ocrx_word' id='word_1_107' title='bbox 655 1232 789 1301; x_wconf 80' lang='lat' dir='ltr'><strong>Lenaeus,</strong></span> <span class='ocrx_word' id='word_1_108' title='bbox 805 1233 881 1301; x_wconf 90' lang='lat' dir='ltr'><strong>apud</strong></span> <span class='ocrx_word' id='word_1_109' title='bbox 895 1230 1087 1285; x_wconf 82' lang='lat' dir='ltr'><strong>Philocomum</strong></span> 
     </span>
     <span class='ocr_line' id='line_1_14' title="bbox 70 1302 1087 1371; baseline -0.001 -15"><span class='ocrx_word' id='word_1_110' title='bbox 70 1302 202 1357; x_wconf 81' lang='lat' dir='ltr'><strong>Valerius</strong></span> <span class='ocrx_word' id='word_1_111' title='bbox 217 1302 285 1356; x_wconf 82' lang='lat' dir='ltr'><strong>Cato</strong></span> <span class='ocrx_word' id='word_1_112' title='bbox 299 1302 472 1371; x_wconf 86' lang='lat' dir='ltr'><strong>praedicant.</strong></span> <span class='ocrx_word' id='word_1_113' title='bbox 500 1317 655 1357; x_wconf 64' lang='lat' dir='ltr'><strong>astruxerunt</strong></span> <span class='ocrx_word' id='word_1_114' title='bbox 668 1335 695 1343; x_wconf 90' lang='lat'><em>-</em></span> <span class='ocrx_word' id='word_1_115' title='bbox 708 1317 856 1369; x_wconf 77' lang='lat' dir='ltr'><strong>Daphnidem,</strong></span> <span class='ocrx_word' id='word_1_116' title='bbox 872 1320 954 1370; x_wconf 91' lang='lat' dir='ltr'><strong>quem</strong></span> <span class='ocrx_word' id='word_1_117' title='bbox 969 1303 1087 1356; x_wconf 88' lang='lat' dir='ltr'><strong>Laevius</strong></span> 
     </span>
     <span class='ocr_line' id='line_1_15' title="bbox 71 1372 1087 1445; baseline 0.001 -18"><span class='ocrx_word' id='word_1_118' title='bbox 71 1373 203 1428; x_wconf 82' lang='lat' dir='ltr'><strong>Melissus</strong></span> <span class='ocrx_word' id='word_1_119' title='bbox 217 1392 268 1443; x_wconf 91' lang='lat' dir='ltr'><strong>per</strong></span> <span class='ocrx_word' id='word_1_120' title='bbox 282 1372 491 1428; x_wconf 79' lang='lat' dir='ltr'><strong>cavillationem</strong></span> <span class='ocrx_word' id='word_1_121' title='bbox 509 1373 632 1427; x_wconf 91' lang='lat' dir='ltr'><strong>nominis</strong></span> <span class='ocrx_word' id='word_1_122' title='bbox 652 1374 748 1438; x_wconf 73' lang='grc' dir='ltr'><strong><em>Πανὸς</em></strong></span> <span class='ocrx_word' id='word_1_123' title='bbox 762 1374 897 1445; x_wconf 75' lang='grc' dir='ltr'><em>ἀγάπημα</em></span> <span class='ocrx_word' id='word_1_124' title='bbox 917 1375 1087 1445; x_wconf 84' lang='lat' dir='ltr'><strong>[Panosaga-</strong></span> 
     </span>
    </p>
   </div>
   <div class='ocr_carea' id='block_1_4' title="bbox 71 1462 1146 1981">
    <p class='ocr_par' dir='ltr' id='par_1_4' title="bbox 71 1462 1146 1981">
     <span class='ocr_line' id='line_1_16' title="bbox 73 1462 1087 1553; baseline 0.001 -18"><span class='ocrx_word' id='word_1_125' title='bbox 73 1497 153 1535; x_wconf 88' lang='lat' dir='ltr'><strong>cema</strong></span> <span class='ocrx_word' id='word_1_126' title='bbox 163 1482 284 1550; x_wconf 77' lang='lat' dir='ltr'><strong>(panas)</strong></span> <span class='ocrx_word' id='word_1_127' title='bbox 294 1483 335 1536; x_wconf 84' lang='lat' dir='ltr'><strong>aci</strong></span> <span class='ocrx_word' id='word_1_128' title='bbox 348 1496 555 1550; x_wconf 82' lang='lat' dir='ltr'><strong>pansagacema</strong></span> <span class='ocrx_word' id='word_1_129' title='bbox 570 1462 771 1550; x_wconf 77' lang='lat' dir='ltr'><strong>(-gasan⁰sema)</strong></span> <span class='ocrx_word' id='word_1_130' title='bbox 785 1482 875 1536; x_wconf 73' lang='lat' dir='ltr'><strong>coda:</strong></span> <span class='ocrx_word' id='word_1_131' title='bbox 891 1499 938 1536; x_wconf 80' lang='lat' dir='ltr'><strong>eni.</strong></span> <span class='ocrx_word' id='word_1_132' title='bbox 953 1483 1087 1553; x_wconf 77' lang='lat' dir='ltr'><strong>Toanins]</strong></span> 
     </span>
     <span class='ocr_line' id='line_1_17' title="bbox 72 1551 1089 1622; baseline 0.003 -17"><span class='ocrx_word' id='word_1_133' title='bbox 72 1551 152 1619; x_wconf 83' lang='lat' dir='ltr'><strong>dicit,</strong></span> <span class='ocrx_word' id='word_1_134' title='bbox 166 1567 347 1616; x_wconf 73' lang='lat' dir='ltr'><strong>sepnngsniis—</strong></span> <span class='ocrx_word' id='word_1_135' title='bbox 357 1566 443 1606; x_wconf 74' lang='lat' dir='ltr'><strong>ceusu.</strong></span> <span class='ocrx_word' id='word_1_136' title='bbox 472 1553 606 1607; x_wconf 82' lang='lat' dir='ltr'><strong>deerrare</strong></span> <span class='ocrx_word' id='word_1_137' title='bbox 625 1559 772 1620; x_wconf 71' lang='lat' dir='ltr'><strong>amporam</strong></span> <span class='ocrx_word' id='word_1_138' title='bbox 788 1555 926 1608; x_wconf 76' lang='lat' dir='ltr'><strong>Attalicac</strong></span> <span class='ocrx_word' id='word_1_139' title='bbox 945 1555 1089 1622; x_wconf 64' lang='lat' dir='ltr'><strong>locationis</strong></span> 
     </span>
     <span class='ocr_line' id='line_1_18' title="bbox 72 1623 1146 1694; baseline 0.006 -17"><span class='ocrx_word' id='word_1_140' title='bbox 72 1625 106 1692; x_wconf 81' lang='lat' dir='ltr'><strong>cf.</strong></span> <span class='ocrx_word' id='word_1_141' title='bbox 118 1623 183 1690; x_wconf 84' lang='lat' dir='ltr'><strong>Leo,</strong></span> <span class='ocrx_word' id='word_1_142' title='bbox 194 1626 237 1678; x_wconf 87' lang='lat' dir='ltr'><strong>Pl.</strong></span> <span class='ocrx_word' id='word_1_143' title='bbox 248 1625 283 1677; x_wconf 83' lang='lat' dir='ltr'><strong>F.</strong></span> <span class='ocrx_word' id='word_1_144' title='bbox 295 1641 323 1692; x_wconf 78' lang='lat' dir='ltr'><strong>p.</strong></span> <span class='ocrx_word' id='word_1_145' title='bbox 335 1627 372 1678; x_wconf 82' lang='lat'><strong>29</strong></span> <span class='ocrx_word' id='word_1_146' title='bbox 386 1624 451 1677; x_wconf 82' lang='lat' dir='ltr'><strong>adn.</strong></span> <span class='ocrx_word' id='word_1_147' title='bbox 463 1628 487 1676; x_wconf 88' lang='lat'><strong>1.</strong></span> <span class='ocrx_word' id='word_1_148' title='bbox 514 1624 701 1694; x_wconf 68' lang='lat' dir='ltr'><strong>aeconomiae</strong></span> <span class='ocrx_word' id='word_1_149' title='bbox 713 1625 954 1679; x_wconf 82' lang='lat' dir='ltr'><strong>‘Praeconinus&#39;a</strong></span> <span class='ocrx_word' id='word_1_150' title='bbox 967 1625 1089 1680; x_wconf 71' lang='lat' dir='ltr'><strong>Varrone</strong></span> <span class='ocrx_word' id='word_1_151' title='bbox 1144 1680 1146 1684; x_wconf 86' lang='lat'>.</span> 
     </span>
     <span class='ocr_line' id='line_1_19' title="bbox 74 1695 1087 1765; baseline 0 -15"><span class='ocrx_word' id='word_1_152' title='bbox 74 1696 178 1750; x_wconf 76' lang='lat' dir='ltr'><strong>tradito</strong></span> <span class='ocrx_word' id='word_1_153' title='bbox 196 1696 231 1761; x_wconf 78' lang='lat' dir='ltr'><strong>cs.</strong></span> <span class='ocrx_word' id='word_1_154' title='bbox 248 1697 367 1750; x_wconf 71' lang='lat' dir='ltr'><strong>Manias</strong></span> <span class='ocrx_word' id='word_1_155' title='bbox 386 1696 452 1749; x_wconf 84' lang='lat' dir='ltr'><strong>ibid.</strong></span> <span class='ocrx_word' id='word_1_156' title='bbox 467 1711 496 1762; x_wconf 78' lang='lat' dir='ltr'><strong>p.</strong></span> <span class='ocrx_word' id='word_1_157' title='bbox 512 1699 578 1750; x_wconf 80' lang='lat'><strong><em>268.</em></strong></span> <span class='ocrx_word' id='word_1_158' title='bbox 611 1695 643 1749; x_wconf 83' lang='lat' dir='ltr'><strong>de</strong></span> <span class='ocrx_word' id='word_1_159' title='bbox 662 1697 778 1750; x_wconf 79' lang='lat' dir='ltr'><strong>Lutatio</strong></span> <span class='ocrx_word' id='word_1_160' title='bbox 797 1697 910 1765; x_wconf 76' lang='lat' dir='ltr'><strong>Daphn.</strong></span> <span class='ocrx_word' id='word_1_161' title='bbox 926 1698 1001 1750; x_wconf 82' lang='lat' dir='ltr'><strong>Plin.</strong></span> <span class='ocrx_word' id='word_1_162' title='bbox 1020 1714 1047 1749; x_wconf 89' lang='lat' dir='ltr'><strong>n.</strong></span> <span class='ocrx_word' id='word_1_163' title='bbox 1063 1698 1087 1750; x_wconf 76' lang='lat' dir='ltr'><strong>l.</strong></span> 
     </span>
     <span class='ocr_line' id='line_1_20' title="bbox 73 1767 1089 1836; baseline 0.001 -15"><span class='ocrx_word' id='word_1_164' title='bbox 73 1771 99 1833; x_wconf 82' lang='lat'><strong>7,</strong></span> <span class='ocrx_word' id='word_1_165' title='bbox 108 1771 172 1821; x_wconf 78' lang='grc'><em>128.</em></span> <span class='ocrx_word' id='word_1_166' title='bbox 193 1769 225 1822; x_wconf 76' lang='lat' dir='ltr'><strong>dc</strong></span> <span class='ocrx_word' id='word_1_167' title='bbox 238 1768 361 1821; x_wconf 83' lang='lat' dir='ltr'><strong>Varrone</strong></span> <span class='ocrx_word' id='word_1_168' title='bbox 371 1767 462 1820; x_wconf 80' lang='lat' dir='ltr'><strong>Plinii</strong></span> <span class='ocrx_word' id='word_1_169' title='bbox 470 1773 580 1821; x_wconf 74' lang='lat' dir='ltr'><strong>anctore</strong></span> <span class='ocrx_word' id='word_1_170' title='bbox 591 1769 710 1820; x_wconf 75' lang='lat' dir='ltr'><strong>Manaar</strong></span> <span class='ocrx_word' id='word_1_171' title='bbox 720 1767 785 1821; x_wconf 80' lang='lat' dir='ltr'><strong>ibid.</strong></span> <span class='ocrx_word' id='word_1_172' title='bbox 793 1785 822 1836; x_wconf 80' lang='lat' dir='ltr'><strong>p.</strong></span> <span class='ocrx_word' id='word_1_173' title='bbox 833 1773 893 1822; x_wconf 86' lang='grc'><em>148.</em></span> <span class='ocrx_word' id='word_1_174' title='bbox 908 1771 973 1822; x_wconf 80' lang='grc'><em>878.</em></span> <span class='ocrx_word' id='word_1_175' title='bbox 992 1775 1089 1822; x_wconf 77' lang='lat' dir='ltr'><strong>catao-</strong></span> 
     </span>
     <span class='ocr_line' id='line_1_21' title="bbox 71 1838 1087 1908; baseline 0 -16"><span class='ocrx_word' id='word_1_176' title='bbox 71 1839 122 1906; x_wconf 79' lang='lat' dir='ltr'><strong>qni</strong></span> <span class='ocrx_word' id='word_1_177' title='bbox 146 1839 178 1892; x_wconf 80' lang='lat' dir='ltr'><strong>dc</strong></span> <span class='ocrx_word' id='word_1_178' title='bbox 199 1839 321 1892; x_wconf 87' lang='lat' dir='ltr'><strong>Varrone</strong></span> <span class='ocrx_word' id='word_1_179' title='bbox 347 1840 429 1892; x_wconf 82' lang='lat' dir='ltr'><strong>totins</strong></span> <span class='ocrx_word' id='word_1_180' title='bbox 456 1839 556 1906; x_wconf 78' lang='lat' dir='ltr'><strong>capitis</strong></span> <span class='ocrx_word' id='word_1_181' title='bbox 581 1843 690 1892; x_wconf 81' lang='lat' dir='ltr'><strong>anctore</strong></span> <span class='ocrx_word' id='word_1_182' title='bbox 713 1838 769 1893; x_wconf 85' lang='lat' dir='ltr'><strong>Leo</strong></span> <span class='ocrx_word' id='word_1_183' title='bbox 794 1840 860 1893; x_wconf 82' lang='lat' dir='ltr'><strong>ibid.</strong></span> <span class='ocrx_word' id='word_1_184' title='bbox 882 1843 963 1908; x_wconf 62' lang='lat'><strong>1228</strong></span> <span class='ocrx_word' id='word_1_185' title='bbox 982 1840 1047 1894; x_wconf 81' lang='lat' dir='ltr'><strong>adn.</strong></span> <span class='ocrx_word' id='word_1_186' title='bbox 1064 1845 1087 1893; x_wconf 89' lang='lat'><strong>1.</strong></span> 
     </span>
     <span class='ocr_line' id='line_1_22' title="bbox 73 1909 1087 1981; baseline -0.002 -16"><span class='ocrx_word' id='word_1_187' title='bbox 73 1910 155 1976; x_wconf 71' lang='lat' dir='ltr'><strong>nota</strong></span> <span class='ocrx_word' id='word_1_188' title='bbox 169 1910 241 1964; x_wconf 82' lang='lat' dir='ltr'><strong>Sact.</strong></span> <span class='ocrx_word' id='word_1_189' title='bbox 250 1911 340 1978; x_wconf 74' lang='lat' dir='ltr'><strong>praef.</strong></span> <span class='ocrx_word' id='word_1_190' title='bbox 356 1910 421 1963; x_wconf 80' lang='lat' dir='ltr'><strong>adn.</strong></span> <span class='ocrx_word' id='word_1_191' title='bbox 433 1913 478 1963; x_wconf 87' lang='grc'><em>58.</em></span> <span class='ocrx_word' id='word_1_192' title='bbox 509 1909 652 1979; x_wconf 69' lang='lat' dir='ltr'><strong>GKo&#39;ntqc,</strong></span> <span class='ocrx_word' id='word_1_193' title='bbox 667 1910 743 1964; x_wconf 81' lang='lat' dir='ltr'><strong>Dias.</strong></span> <span class='ocrx_word' id='word_1_194' title='bbox 755 1911 821 1964; x_wconf 87' lang='lat' dir='ltr'><strong>Hal.</strong></span> <span class='ocrx_word' id='word_1_195' title='bbox 834 1916 868 1965; x_wconf 84' lang='lat'><strong>14</strong></span> <span class='ocrx_word' id='word_1_196' title='bbox 882 1913 973 1981; x_wconf 87' lang='lat'><em>(1901)</em></span> <span class='ocrx_word' id='word_1_197' title='bbox 986 1928 1015 1979; x_wconf 84' lang='lat' dir='ltr'><strong>p.</strong></span> <span class='ocrx_word' id='word_1_198' title='bbox 1024 1914 1087 1964; x_wconf 72' lang='lat'><em>257.</em></span> 
     </span>
    </p>
   </div>
   <div class='ocr_carea' id='block_1_5' title="bbox 71 1996 1093 2870">
    <p class='ocr_par' dir='ltr' id='par_1_5' title="bbox 71 1996 1093 2870">
     <span class='ocr_line' id='line_1_23' title="bbox 144 1996 1088 2086; baseline 0.004 -18"><span class='ocrx_word' id='word_1_199' title='bbox 144 2020 160 2068; x_wconf 79' lang='grc' dir='ltr'><strong>ὁ</strong></span> <span class='ocrx_word' id='word_1_200' title='bbox 179 2015 229 2083; x_wconf 90' lang='lat' dir='ltr'><strong>qui</strong></span> <span class='ocrx_word' id='word_1_201' title='bbox 242 2015 317 2070; x_wconf 87' lang='lat' dir='ltr'><strong>idem</strong></span> <span class='ocrx_word' id='word_1_202' title='bbox 328 2015 503 2071; x_wconf 78' lang='lat' dir='ltr'><strong>Lachmann:</strong></span> <span class='ocrx_word' id='word_1_203' title='bbox 519 2016 633 2084; x_wconf 85' lang='lat' dir='ltr'><strong>quidem</strong></span> <span class='ocrx_word' id='word_1_204' title='bbox 648 1997 736 2086; x_wconf 62' lang='lat' dir='ltr'><strong>(usim</strong></span> <span class='ocrx_word' id='word_1_205' title='bbox 753 2017 875 2072; x_wconf 81' lang='lat' dir='ltr'><strong>Gadian.</strong></span> <span class='ocrx_word' id='word_1_206' title='bbox 893 1996 973 2071; x_wconf 62' lang='lat' dir='ltr'><strong>-dg&#39;m</strong></span> <span class='ocrx_word' id='word_1_207' title='bbox 988 2019 1088 2086; x_wconf 82' lang='lat' dir='ltr'><strong>Ncap.)</strong></span> 
     </span>
     <span class='ocr_line' id='line_1_24' title="bbox 75 2087 1089 2156; baseline 0.001 -16"><span class='ocrx_word' id='word_1_208' title='bbox 75 2093 88 2140; x_wconf 80' lang='lat' dir='ltr'><strong>&#39;i</strong></span> <span class='ocrx_word' id='word_1_209' title='bbox 110 2087 204 2140; x_wconf 88' lang='lat' dir='ltr'><strong>adnot.</strong></span> <span class='ocrx_word' id='word_1_210' title='bbox 224 2088 380 2142; x_wconf 79' lang='lat' dir='ltr'><strong>Beroaldus</strong></span> <span class='ocrx_word' id='word_1_211' title='bbox 405 2089 570 2140; x_wconf 90' lang='lat' dir='ltr'><strong>annotatum</strong></span> <span class='ocrx_word' id='word_1_212' title='bbox 594 2088 682 2156; x_wconf 76' lang='lat' dir='ltr'><strong>Ncap.</strong></span> <span class='ocrx_word' id='word_1_213' title='bbox 703 2094 728 2142; x_wconf 82' lang='lat' dir='ltr'><strong>et</strong></span> <span class='ocrx_word' id='word_1_214' title='bbox 746 2090 766 2141; x_wconf 92' lang='lat' dir='ltr'><em>I</em></span> <span class='ocrx_word' id='word_1_215' title='bbox 781 2115 815 2132; x_wconf 94' lang='lat'><strong><em>=</em></strong></span> <span class='ocrx_word' id='word_1_216' title='bbox 836 2089 922 2143; x_wconf 79' lang='lat' dir='ltr'><strong>Vatia.</strong></span> <span class='ocrx_word' id='word_1_217' title='bbox 941 2093 1015 2143; x_wconf 84' lang='grc'><em>1518</em></span> <span class='ocrx_word' id='word_1_218' title='bbox 1039 2088 1089 2141; x_wconf 90' lang='lat' dir='ltr'><strong>ad-</strong></span> 
     </span>
     <span class='ocr_line' id='line_1_25' title="bbox 72 2159 1087 2227; baseline 0.002 -16"><span class='ocrx_word' id='word_1_219' title='bbox 72 2160 170 2211; x_wconf 89' lang='lat' dir='ltr'><strong>notum</strong></span> <span class='ocrx_word' id='word_1_220' title='bbox 191 2160 217 2212; x_wconf 90' lang='lat' dir='ltr'><strong><em>V</em></strong></span> <span class='ocrx_word' id='word_1_221' title='bbox 232 2185 264 2203; x_wconf 95' lang='lat'>=</span> <span class='ocrx_word' id='word_1_222' title='bbox 286 2160 371 2213; x_wconf 80' lang='lat' dir='ltr'><strong>Vatia.</strong></span> <span class='ocrx_word' id='word_1_223' title='bbox 391 2162 472 2226; x_wconf 79' lang='lat'><strong><em>1862,</em></strong></span> <span class='ocrx_word' id='word_1_224' title='bbox 498 2159 583 2214; x_wconf 74' lang='lat' dir='ltr'><strong>Onon</strong></span> <span class='ocrx_word' id='word_1_225' title='bbox 608 2161 652 2212; x_wconf 83' lang='lat' dir='ltr'><strong>sat</strong></span> <span class='ocrx_word' id='word_1_226' title='bbox 670 2162 768 2213; x_wconf 87' lang='lat' dir='ltr'><strong>notum</strong></span> <span class='ocrx_word' id='word_1_227' title='bbox 787 2160 952 2214; x_wconf 73' lang='lat' dir='ltr'><strong>Lachmann</strong></span> <span class='ocrx_word' id='word_1_228' title='bbox 975 2161 1019 2227; x_wconf 74' lang='lat' dir='ltr'><strong>(cf.</strong></span> <span class='ocrx_word' id='word_1_229' title='bbox 1034 2161 1087 2215; x_wconf 80' lang='lat' dir='ltr'><strong>Rh.</strong></span> 
     </span>
     <span class='ocr_line' id='line_1_26' title="bbox 73 2229 1088 2302; baseline 0 -18"><span class='ocrx_word' id='word_1_230' title='bbox 73 2231 149 2284; x_wconf 83' lang='lat' dir='ltr'><strong>Mas.</strong></span> <span class='ocrx_word' id='word_1_231' title='bbox 163 2233 244 2299; x_wconf 84' lang='lat'><em>9,14)</em></span> <span class='ocrx_word' id='word_1_232' title='bbox 302 2236 333 2283; x_wconf 76' lang='lat'><strong>17</strong></span> <span class='ocrx_word' id='word_1_233' title='bbox 349 2229 455 2283; x_wconf 86' lang='lat' dir='ltr'><strong>imitati</strong></span> <span class='ocrx_word' id='word_1_234' title='bbox 468 2233 527 2284; x_wconf 83' lang='lat' dir='ltr'><strong>scol.</strong></span> <span class='ocrx_word' id='word_1_235' title='bbox 539 2230 751 2286; x_wconf 66' lang='lat' dir='ltr'><strong>[Fascianus</strong></span> <span class='ocrx_word' id='word_1_236' title='bbox 764 2237 790 2286; x_wconf 81' lang='lat' dir='ltr'><strong>ct</strong></span> <span class='ocrx_word' id='word_1_237' title='bbox 803 2233 885 2298; x_wconf 84' lang='lat' dir='ltr'><strong>Rciff.</strong></span> <span class='ocrx_word' id='word_1_238' title='bbox 942 2238 974 2285; x_wconf 85' lang='lat'><strong>19</strong></span> <span class='ocrx_word' id='word_1_239' title='bbox 990 2231 1088 2302; x_wconf 84' lang='lat' dir='ltr'><strong>ctiam]</strong></span> 
     </span>
     <span class='ocr_line' id='line_1_27' title="bbox 72 2301 1088 2370; baseline 0.001 -16"><span class='ocrx_word' id='word_1_240' title='bbox 72 2302 101 2354; x_wconf 85' lang='lat' dir='ltr'><strong>et</strong></span> <span class='ocrx_word' id='word_1_241' title='bbox 115 2301 218 2356; x_wconf 85' lang='lat' dir='ltr'><strong>VLeid.</strong></span> <span class='ocrx_word' id='word_1_242' title='bbox 279 2307 313 2353; x_wconf 83' lang='grc'><em>83</em></span> <span class='ocrx_word' id='word_1_243' title='bbox 328 2301 534 2369; x_wconf 84' lang='lat' dir='ltr'><strong>pronunciabat</strong></span> <span class='ocrx_word' id='word_1_244' title='bbox 547 2303 624 2356; x_wconf 84' lang='lat' dir='ltr'><strong>codd.</strong></span> <span class='ocrx_word' id='word_1_245' title='bbox 631 2309 741 2370; x_wconf 79' lang='lat' dir='ltr'><strong>practer</strong></span> <span class='ocrx_word' id='word_1_246' title='bbox 749 2303 828 2357; x_wconf 73' lang='lat' dir='ltr'><strong>Leia.</strong></span> <span class='ocrx_word' id='word_1_247' title='bbox 889 2308 923 2356; x_wconf 88' lang='grc'><em>84</em></span> <span class='ocrx_word' id='word_1_248' title='bbox 937 2303 1088 2370; x_wconf 69' lang='lat' dir='ltr'><strong>Vectiusq5</strong></span> 
     </span>
     <span class='ocr_line' id='line_1_28' title="bbox 77 2371 1088 2442; baseline 0 -16"><span class='ocrx_word' id='word_1_249' title='bbox 77 2372 193 2426; x_wconf 82' lang='lat' dir='ltr'><strong>Vindob.</strong></span> <span class='ocrx_word' id='word_1_250' title='bbox 220 2372 334 2426; x_wconf 88' lang='lat' dir='ltr'><strong>Vectius</strong></span> <span class='ocrx_word' id='word_1_251' title='bbox 351 2371 381 2436; x_wconf 81' lang='lat' dir='ltr'><strong>Q.</strong></span> <span class='ocrx_word' id='word_1_252' title='bbox 398 2373 474 2440; x_wconf 65' lang='lat' dir='ltr'><strong>aen·</strong></span> <span class='ocrx_word' id='word_1_253' title='bbox 492 2373 576 2428; x_wconf 79' lang='lat' dir='ltr'><strong>Ottob.</strong></span> <span class='ocrx_word' id='word_1_254' title='bbox 597 2391 641 2425; x_wconf 92' lang='lat' dir='ltr'><strong>-us</strong></span> <span class='ocrx_word' id='word_1_255' title='bbox 657 2374 685 2442; x_wconf 57' lang='lat' dir='ltr'><strong>fit</strong></span> <span class='ocrx_word' id='word_1_256' title='bbox 697 2373 728 2438; x_wconf 87' lang='lat' dir='ltr'><strong>Q.</strong></span> <span class='ocrx_word' id='word_1_257' title='bbox 743 2374 833 2441; x_wconf 72' lang='lat' dir='ltr'><strong>Leia.)</strong></span> <span class='ocrx_word' id='word_1_258' title='bbox 894 2380 926 2426; x_wconf 80' lang='grc'><em>85</em></span> <span class='ocrx_word' id='word_1_259' title='bbox 941 2373 1088 2427; x_wconf 87' lang='lat' dir='ltr'><strong>familiari·</strong></span> 
     </span>
     <span class='ocr_line' id='line_1_29' title="bbox 71 2442 1086 2514; baseline 0 -18"><span class='ocrx_word' id='word_1_260' title='bbox 71 2442 125 2496; x_wconf 90' lang='lat' dir='ltr'><strong>bus</strong></span> <span class='ocrx_word' id='word_1_261' title='bbox 149 2443 206 2496; x_wconf 92' lang='lat' dir='ltr'><strong>suis</strong></span> <span class='ocrx_word' id='word_1_262' title='bbox 230 2462 286 2498; x_wconf 84' lang='lat' dir='ltr'><strong>can</strong></span> <span class='ocrx_word' id='word_1_263' title='bbox 310 2444 421 2498; x_wconf 84' lang='lat' dir='ltr'><strong>chsde</strong></span> <span class='ocrx_word' id='word_1_264' title='bbox 529 2449 562 2497; x_wconf 89' lang='grc'><em>86</em></span> <span class='ocrx_word' id='word_1_265' title='bbox 586 2461 672 2514; x_wconf 81' lang='lat' dir='ltr'><strong>gener</strong></span> <span class='ocrx_word' id='word_1_266' title='bbox 691 2445 722 2510; x_wconf 82' lang='lat' dir='ltr'><strong>Q.</strong></span> <span class='ocrx_word' id='word_1_267' title='bbox 746 2446 822 2499; x_wconf 83' lang='lat' dir='ltr'><strong>codd.</strong></span> <span class='ocrx_word' id='word_1_268' title='bbox 842 2452 953 2514; x_wconf 68' lang='lat' dir='ltr'><strong>practer</strong></span> <span class='ocrx_word' id='word_1_269' title='bbox 973 2447 1086 2500; x_wconf 78' lang='lat' dir='ltr'><strong>Vindob.</strong></span> 
     </span>
     <span class='ocr_line' id='line_1_30' title="bbox 75 2514 1088 2585; baseline 0.004 -18"><span class='ocrx_word' id='word_1_270' title='bbox 75 2514 151 2569; x_wconf 83' lang='lat' dir='ltr'><strong>Laid.</strong></span> <span class='ocrx_word' id='word_1_271' title='bbox 225 2520 258 2568; x_wconf 89' lang='grc'><em>89</em></span> <span class='ocrx_word' id='word_1_272' title='bbox 277 2514 446 2568; x_wconf 88' lang='lat' dir='ltr'><strong>Praeconius</strong></span> <span class='ocrx_word' id='word_1_273' title='bbox 466 2517 516 2583; x_wconf 84' lang='lat' dir='ltr'><strong>(acl</strong></span> <span class='ocrx_word' id='word_1_274' title='bbox 534 2515 638 2585; x_wconf 85' lang='lat' dir='ltr'><strong>Prco-):</strong></span> <span class='ocrx_word' id='word_1_275' title='bbox 660 2533 701 2570; x_wconf 85' lang='lat' dir='ltr'><strong>cm</strong></span> <span class='ocrx_word' id='word_1_276' title='bbox 729 2518 885 2571; x_wconf 82' lang='lat' dir='ltr'><strong>Beroaldus</strong></span> <span class='ocrx_word' id='word_1_277' title='bbox 957 2521 990 2569; x_wconf 83' lang='lat'><strong>30</strong></span> <span class='ocrx_word' id='word_1_278' title='bbox 1009 2516 1088 2571; x_wconf 87' lang='lat' dir='ltr'><strong>lstilo</strong></span> 
     </span>
     <span class='ocr_line' id='line_1_31' title="bbox 73 2586 1089 2656; baseline 0.003 -18"><span class='ocrx_word' id='word_1_279' title='bbox 73 2591 106 2638; x_wconf 89' lang='grc'><strong>31</strong></span> <span class='ocrx_word' id='word_1_280' title='bbox 127 2587 168 2639; x_wconf 77' lang='lat' dir='ltr'><strong>un</strong></span> <span class='ocrx_word' id='word_1_281' title='bbox 182 2586 271 2655; x_wconf 76' lang='lat' dir='ltr'><strong>Ncap.</strong></span> <span class='ocrx_word' id='word_1_282' title='bbox 345 2591 378 2638; x_wconf 87' lang='grc'><em>38</em></span> <span class='ocrx_word' id='word_1_283' title='bbox 397 2586 543 2639; x_wconf 82' lang='lat' dir='ltr'><strong>Metellum</strong></span> <span class='ocrx_word' id='word_1_284' title='bbox 558 2588 671 2642; x_wconf 86' lang='lat' dir='ltr'><strong>Vindob.</strong></span> <span class='ocrx_word' id='word_1_285' title='bbox 691 2587 728 2640; x_wconf 91' lang='lat' dir='ltr'><strong>M.</strong></span> <span class='ocrx_word' id='word_1_286' title='bbox 744 2588 810 2642; x_wconf 89' lang='lat' dir='ltr'><strong>Met.</strong></span> <span class='ocrx_word' id='word_1_287' title='bbox 825 2589 881 2643; x_wconf 83' lang='lat' dir='ltr'>rell.</span> <span class='ocrx_word' id='word_1_288' title='bbox 955 2594 988 2640; x_wconf 75' lang='lat'><strong>37</strong></span> <span class='ocrx_word' id='word_1_289' title='bbox 1008 2604 1089 2656; x_wconf 87' lang='lat' dir='ltr'><strong>prae-</strong></span> 
     </span>
     <span class='ocr_line' id='line_1_32' title="bbox 72 2657 1093 2727; baseline 0.003 -17"><span class='ocrx_word' id='word_1_290' title='bbox 72 2657 178 2710; x_wconf 78' lang='lat' dir='ltr'><strong>mortui</strong></span> <span class='ocrx_word' id='word_1_291' title='bbox 188 2660 239 2727; x_wconf 81' lang='lat' dir='ltr'><strong>(acl</strong></span> <span class='ocrx_word' id='word_1_292' title='bbox 247 2661 358 2726; x_wconf 82' lang='lat' dir='ltr'><strong>prem.):</strong></span> <span class='ocrx_word' id='word_1_293' title='bbox 369 2675 416 2711; x_wconf 78' lang='lat' dir='ltr'><strong>cin.</strong></span> <span class='ocrx_word' id='word_1_294' title='bbox 426 2658 580 2725; x_wconf 79' lang='lat' dir='ltr'><strong>Stephanus</strong></span> <span class='ocrx_word' id='word_1_295' title='bbox 615 2658 742 2726; x_wconf 89' lang='lat' dir='ltr'><strong>posthoc</strong></span> <span class='ocrx_word' id='word_1_296' title='bbox 752 2659 868 2714; x_wconf 74' lang='lat' dir='ltr'><strong>VOttI</strong></span> <span class='ocrx_word' id='word_1_297' title='bbox 900 2664 934 2712; x_wconf 80' lang='lat'><strong>43</strong></span> <span class='ocrx_word' id='word_1_298' title='bbox 945 2658 1055 2713; x_wconf 83' lang='lat' dir='ltr'><strong>Catullo</strong></span> <span class='ocrx_word' id='word_1_299' title='bbox 1067 2661 1093 2713; x_wconf 88' lang='lat' dir='ltr'><strong><em>V</em></strong></span> 
     </span>
     <span class='ocr_line' id='line_1_33' title="bbox 72 2727 1088 2800; baseline 0.002 -18"><span class='ocrx_word' id='word_1_300' title='bbox 72 2727 123 2793; x_wconf 83' lang='lat' dir='ltr'><strong>-llo</strong></span> <span class='ocrx_word' id='word_1_301' title='bbox 147 2730 225 2783; x_wconf 77' lang='lat' dir='ltr'><strong>Leia.</strong></span> <span class='ocrx_word' id='word_1_302' title='bbox 335 2734 370 2782; x_wconf 86' lang='grc'><strong>44</strong></span> <span class='ocrx_word' id='word_1_303' title='bbox 394 2728 573 2798; x_wconf 55' lang='lat' dir='ltr'><strong>aelios-tio)</strong></span> <span class='ocrx_word' id='word_1_304' title='bbox 600 2730 788 2785; x_wconf 70' lang='lat' dir='ltr'><strong>Vindasca.</strong></span> <span class='ocrx_word' id='word_1_305' title='bbox 826 2729 912 2784; x_wconf 83' lang='lat' dir='ltr'><strong>Eficio</strong></span> <span class='ocrx_word' id='word_1_306' title='bbox 932 2729 1005 2800; x_wconf 71' lang='lat' dir='ltr'><strong>(tio)</strong></span> <span class='ocrx_word' id='word_1_307' title='bbox 1030 2731 1088 2785; x_wconf 83' lang='lat' dir='ltr'><strong>rell.</strong></span> 
     </span>
     <span class='ocr_line' id='line_1_34' title="bbox 72 2801 1089 2870; baseline 0.001 -18"><span class='ocrx_word' id='word_1_308' title='bbox 72 2805 106 2852; x_wconf 77' lang='lat'><strong>45</strong></span> <span class='ocrx_word' id='word_1_309' title='bbox 135 2801 289 2854; x_wconf 87' lang='lat' dir='ltr'><strong>conductos</strong></span> <span class='ocrx_word' id='word_1_310' title='bbox 316 2801 479 2853; x_wconf 86' lang='lat' dir='ltr'><strong>mutoscedo</strong></span> <span class='ocrx_word' id='word_1_311' title='bbox 508 2801 621 2854; x_wconf 85' lang='lat' dir='ltr'><strong>doceret</strong></span> <span class='ocrx_word' id='word_1_312' title='bbox 650 2801 763 2855; x_wconf 79' lang='lat' dir='ltr'><strong>Vindob.</strong></span> <span class='ocrx_word' id='word_1_313' title='bbox 796 2801 849 2855; x_wconf 86' lang='lat' dir='ltr'><strong>On.</strong></span> <span class='ocrx_word' id='word_1_314' title='bbox 888 2819 930 2856; x_wconf 93' lang='lat' dir='ltr'><strong>-os</strong></span> <span class='ocrx_word' id='word_1_315' title='bbox 959 2804 1029 2870; x_wconf 89' lang='lat' dir='ltr'><strong>(-um</strong></span> <span class='ocrx_word' id='word_1_316' title='bbox 1056 2802 1089 2854; x_wconf 88' lang='lat' dir='ltr'><strong>ut</strong></span> 
     </span>
    </p>
   </div>
   <div class='ocr_carea' id='block_1_6' title="bbox 73 2871 1089 3010">
    <p class='ocr_par' dir='ltr' id='par_1_6' title="bbox 73 2871 1089 3010">
     <span class='ocr_line' id='line_1_35' title="bbox 74 2871 1089 2941; baseline 0.001 -16"><span class='ocrx_word' id='word_1_317' title='bbox 74 2871 211 2941; x_wconf 84' lang='lat' dir='ltr'><strong>Gadian.)</strong></span> <span class='ocrx_word' id='word_1_318' title='bbox 230 2871 334 2925; x_wconf 90' lang='lat' dir='ltr'><strong>multos</strong></span> <span class='ocrx_word' id='word_1_319' title='bbox 350 2872 425 2924; x_wconf 90' lang='lat' dir='ltr'><strong>edoc.</strong></span> <span class='ocrx_word' id='word_1_320' title='bbox 440 2873 513 2926; x_wconf 72' lang='lat' dir='ltr'><strong>ccli„-</strong></span> <span class='ocrx_word' id='word_1_321' title='bbox 526 2889 574 2925; x_wconf 79' lang='lat' dir='ltr'><strong>ein.</strong></span> <span class='ocrx_word' id='word_1_322' title='bbox 589 2872 737 2927; x_wconf 78' lang='lat' dir='ltr'><strong>Bacclnicr</strong></span> <span class='ocrx_word' id='word_1_323' title='bbox 802 2879 836 2926; x_wconf 84' lang='grc'><strong>46</strong></span> <span class='ocrx_word' id='word_1_324' title='bbox 856 2889 922 2926; x_wconf 90' lang='lat' dir='ltr'><strong>nam</strong></span> <span class='ocrx_word' id='word_1_325' title='bbox 935 2872 1012 2927; x_wconf 82' lang='lat' dir='ltr'><strong>codd.</strong></span> <span class='ocrx_word' id='word_1_326' title='bbox 1032 2873 1089 2926; x_wconf 87' lang='lat' dir='ltr'><strong>iam</strong></span> 
     </span>
     <span class='ocr_line' id='line_1_36' title="bbox 73 2942 656 3010; baseline 0.002 -13"><span class='ocrx_word' id='word_1_327' title='bbox 73 2943 156 3010; x_wconf 66' lang='lat' dir='ltr'><strong>noia</strong></span> <span class='ocrx_word' id='word_1_328' title='bbox 248 2947 281 2996; x_wconf 89' lang='grc'><strong>49</strong></span> <span class='ocrx_word' id='word_1_329' title='bbox 302 2942 471 2996; x_wconf 83' lang='lat' dir='ltr'><strong>Fescennius</strong></span> <span class='ocrx_word' id='word_1_330' title='bbox 490 2944 568 2997; x_wconf 79' lang='lat' dir='ltr'><strong>Leia.</strong></span> <span class='ocrx_word' id='word_1_331' title='bbox 589 2949 656 2998; x_wconf 75' lang='lat' dir='ltr'><strong>na2</strong></span> 
     </span>
    </p>
   </div>
   <div class='ocr_carea' id='block_1_7' title="bbox 73 3092 613 3251">
    <p class='ocr_par' dir='ltr' id='par_1_7' title="bbox 73 3092 613 3251">
     <span class='ocr_line' id='line_1_37' title="bbox 73 3092 534 3147; baseline 0.002 -2"><span class='ocrx_word' id='word_1_332' title='bbox 73 3092 123 3145; x_wconf 84' lang='lat' dir='ltr'><strong>DE</strong></span> <span class='ocrx_word' id='word_1_333' title='bbox 142 3092 276 3147; x_wconf 81' lang='lat' dir='ltr'><strong>IUDICIO</strong></span> <span class='ocrx_word' id='word_1_334' title='bbox 295 3093 534 3147; x_wconf 82' lang='lat' dir='ltr'><strong>LITTERARUM</strong></span> 
     </span>
     <span class='ocr_line' id='line_1_38' title="bbox 549 3194 613 3251; baseline 0 -1"><span class='ocrx_word' id='word_1_335' title='bbox 549 3194 613 3251; x_wconf 78' lang='lat'><strong>321</strong></span> 
     </span>
    </p>
   </div>
   <div class='ocr_carea' id='block_1_8' title="bbox 72 3298 1093 3554">
    <p class='ocr_par' dir='ltr' id='par_1_8' title="bbox 72 3298 1093 3554">
     <span class='ocr_line' id='line_1_39' title="bbox 139 3298 1089 3374; baseline 0.007 -20"><span class='ocrx_word' id='word_1_336' title='bbox 139 3298 170 3354; x_wconf 90' lang='lat' dir='ltr'><strong>in</strong></span> <span class='ocrx_word' id='word_1_337' title='bbox 196 3298 348 3357; x_wconf 87' lang='lat' dir='ltr'><strong>comoedia</strong></span> <span class='ocrx_word' id='word_1_338' title='bbox 375 3300 502 3357; x_wconf 84' lang='lat' dir='ltr'><strong>maxime</strong></span> <span class='ocrx_word' id='word_1_339' title='bbox 531 3298 745 3374; x_wconf 86' lang='lat' dir='ltr'><strong>claudicamus,</strong></span> <span class='ocrx_word' id='word_1_340' title='bbox 776 3301 847 3360; x_wconf 90' lang='lat' dir='ltr'><strong>licet</strong></span> <span class='ocrx_word' id='word_1_341' title='bbox 869 3301 965 3360; x_wconf 85' lang='lat' dir='ltr'><strong>Varro</strong></span> <span class='ocrx_word' id='word_1_342' title='bbox 988 3300 1089 3360; x_wconf 88' lang='lat' dir='ltr'><strong>Musas</strong></span> 
     </span>
     <span class='ocr_line' id='line_1_40' title="bbox 72 3385 1093 3451; baseline 0.002 -7"><span class='ocrx_word' id='word_1_343' title='bbox 72 3385 154 3445; x_wconf 85' lang='lat' dir='ltr'><strong>Aelii</strong></span> <span class='ocrx_word' id='word_1_344' title='bbox 178 3385 301 3446; x_wconf 78' lang='lat' dir='ltr'><strong>Stilonis</strong></span> <span class='ocrx_word' id='word_1_345' title='bbox 331 3389 479 3447; x_wconf 85' lang='lat' dir='ltr'><strong>sententia</strong></span> <span class='ocrx_word' id='word_1_346' title='bbox 502 3387 644 3447; x_wconf 82' lang='lat' dir='ltr'><strong>Plautino</strong></span> <span class='ocrx_word' id='word_1_347' title='bbox 669 3388 750 3448; x_wconf 79' lang='lat' dir='ltr'><strong>dicat</strong></span> <span class='ocrx_word' id='word_1_348' title='bbox 777 3407 910 3451; x_wconf 88' lang='lat' dir='ltr'><strong>sermone</strong></span> <span class='ocrx_word' id='word_1_349' title='bbox 937 3390 1093 3449; x_wconf 74' lang='lat' dir='ltr'><strong>locuturas</strong></span> 
     </span>
     <span class='ocr_line' id='line_1_41' title="bbox 72 3476 589 3554; baseline 0.008 -21"><span class='ocrx_word' id='word_1_350' title='bbox 72 3476 173 3549; x_wconf 86' lang='lat' dir='ltr'><strong>fuisse,</strong></span> <span class='ocrx_word' id='word_1_351' title='bbox 197 3478 223 3534; x_wconf 89' lang='lat' dir='ltr'><strong>si</strong></span> <span class='ocrx_word' id='word_1_352' title='bbox 246 3476 340 3536; x_wconf 86' lang='lat' dir='ltr'><strong>latine</strong></span> <span class='ocrx_word' id='word_1_353' title='bbox 362 3478 446 3554; x_wconf 87' lang='lat' dir='ltr'><strong>loqui</strong></span> <span class='ocrx_word' id='word_1_354' title='bbox 468 3478 589 3538; x_wconf 82' lang='lat' dir='ltr'><strong>vellent.</strong></span> 
     </span>
    </p>
   </div>
   <div class='ocr_carea' id='block_1_9' title="bbox 140 3573 720 3644">
    <p class='ocr_par' dir='ltr' id='par_1_9' title="bbox 140 3573 720 3644">
     <span class='ocr_line' id='line_1_42' title="bbox 140 3573 720 3644; baseline 0.033 -20"><span class='ocrx_word' id='word_1_355' title='bbox 140 3573 231 3642; x_wconf 66' lang='lat' dir='ltr'><strong>Queat.</strong></span> <span class='ocrx_word' id='word_1_356' title='bbox 247 3579 290 3642; x_wconf 80' lang='lat'><strong>10,</strong></span> <span class='ocrx_word' id='word_1_357' title='bbox 306 3581 330 3644; x_wconf 78' lang='lat'><strong>1,</strong></span> <span class='ocrx_word' id='word_1_358' title='bbox 345 3582 385 3632; x_wconf 79' lang='lat'><strong>99</strong></span> <span class='ocrx_word' id='word_1_359' title='bbox 400 3591 428 3634; x_wconf 82' lang='lat' dir='ltr'><strong>in</strong></span> <span class='ocrx_word' id='word_1_360' title='bbox 441 3595 564 3641; x_wconf 79' lang='lat' dir='ltr'><strong>comoedia</strong></span> <span class='ocrx_word' id='word_1_361' title='bbox 578 3615 609 3627; x_wconf 86' lang='lat'><strong>-</strong></span> <span class='ocrx_word' id='word_1_362' title='bbox 622 3597 720 3642; x_wconf 67' lang='lat' dir='ltr'><strong>venen</strong></span> 
     </span>
    </p>
   </div>
   <div class='ocr_carea' id='block_1_10' title="bbox 0 0 1217 3840">
    <p class='ocr_par' dir='ltr' id='par_1_10' title="bbox 0 0 1217 3840">
     <span class='ocr_line' id='line_1_43' title="bbox 0 0 1217 3840; baseline 0 0"><span class='ocrx_word' id='word_1_363' title='bbox 0 0 1217 3840; x_wconf 95' lang='lat' dir='ltr'><strong> </strong></span> 
     </span>
    </p>
   </div>
  </div>
 </body>
</html>
