2422 3840
112 132 178 197 280
264 130 469 186 Grammaticae
488 131 590 186 aetatis
610 131 801 186 Varronianae
819 91 979 202 fragmenta

111 301 143 360 id
163 305 208 361 est
228 301 307 376 quod
325 319 384 360 non
409 300 548 360 ambulet.
586 319 687 360 rursus
707 302 733 360 si
750 301 806 360 hoe
828 300 917 361 mode
936 301 1010 361 velit
1033 301 1130 362 dicere

114 386 212 449 ‘homo
236 393 293 450 iste
317 383 471 464 ambulat,
500 389 626 465 simplex
648 392 798 449 sententia
816 394 870 464 est,
898 409 990 465 quam
1012 391 1039 450 si
1061 409 1129 450 con·

112 498 235 553 cessero,
263 483 294 538 et
324 472 399 557 [alia
421 496 497 554 quae
525 478 641 553 aliquid
663 482 822 554 expectant
844 478 883 537 ad
911 479 1130 555 conpletionem

73 585 99 626 11
112 571 278 628 1111111111
289 567 468 633 sententiam
480 562 735 647 conprehendunt]
752 568 921 626 adiunxerit
935 568 1026 627 aliam
1037 564 1128 644 ‘quis-

113 659 180 732 quis
199 661 299 719 antem
319 656 454 715 ambulat
471 650 628 731 movetur’,
648 660 679 714 et
696 657 773 715 hanc
787 657 878 718 etiam
898 675 1075 732 concessero,
1095 678 1130 716 ex

112 746 169 804 1111
183 747 390 805 coniunctione
409 746 624 807 sententiarum
642 747 779 820 quamvis
798 746 977 824 singillatim
994 747 1130 805 enuntia·

112 839 212 894 tarum
236 839 266 893 et
288 853 493 894 concessarum
514 835 571 893 illa
593 853 708 893 summe
732 837 874 911 sequitur,
898 854 974 910 quae
996 838 1060 896 iam
1077 855 1130 894 ne·

113 924 240 984 cessario
268 924 461 998 concedatur,
493 922 525 980 id
552 927 598 981 est
631 918 735 982 ‘homo
762 924 820 983 iste
847 926 945 1001 igitur,
968 921 1129 984 moratiu’.

72 1031 100 1072 11
112 1013 160 1072 his
178 1013 308 1072 breviter
326 1012 500 1072 constitutis.
520 1012 654 1090 singulas
672 1015 773 1088 partes
797 1013 1023 1074 consideremus·
1060 1032 1130 1073 nam

113 1104 182 1161 sunt
207 1104 320 1177 primae
344 1101 434 1174 duae,
463 1119 524 1160 una
547 1101 582 1160 de
605 1101 652 1160 his
676 1121 753 1176 quae
782 1102 959 1178 simpliciter
981 1102 1132 1177 dicuutur,

18 1236 20 1241 .
113 1191 165 1250 ubi
188 1196 233 1250 est
253 1193 338 1266 quasi
361 1192 488 1250 materia
511 1189 694 1265 dialecticae,
718 1191 814 1250 altera
833 1191 868 1249 de
892 1190 938 1250 his
962 1211 1038 1267 quae
1062 1209 1130 1250 con-

112 1282 215 1339 iuncta
242 1280 390 1353 dicuntur,
420 1279 472 1337 ubi
498 1280 560 1337 iam
588 1280 675 1353 qnasi
702 1298 776 1355 opus
805 1284 937 1356 apparet.
989 1300 1065 1355 quae
1094 1280 1131 1338 de

114 1369 299 1445 simplicibus
327 1373 382 1443 est,
409 1371 535 1427 vocatur
557 1367 593 1428 ds
620 1367 777 1443 loquendo.
819 1369 873 1427 ille
896 1388 967 1429 vero
995 1388 1071 1445 quae
1095 1369 1131 1428 de

74 1475 99 1517 es
114 1459 279 1518 coniunctis
309 1459 367 1531 est,
398 1459 431 1515 in
460 1460 521 1516 tres
551 1460 651 1533 partes
684 1457 836 1516 dividitur.
883 1461 1022 1534 separata
1051 1459 1131 1517 enim

114 1547 321 1607 coniunctione
349 1545 507 1605 verborum
534 1565 610 1620 quae
634 1565 693 1605 non
720 1547 828 1622 implet
855 1548 1048 1621 sententiam,
1077 1548 1132 1605 illa

113 1655 190 1711 quae
209 1638 251 1695 sic
269 1636 375 1711 implet
397 1636 584 1709 sententiam,
607 1638 642 1694 ut
660 1635 792 1694 nondum
815 1637 908 1694 faciat
927 1637 1132 1710 quaestionem

112 1726 163 1785 111
181 1725 397 1801 disputatorem
415 1726 557 1799 requirat,
580 1726 706 1784 vocatur
723 1724 760 1781 de
779 1725 960 1799 eloquendo-3
981 1725 1035 1783 illa
1054 1744 1132 1800 quae

114 1817 156 1874 sic
178 1815 286 1891 implet
308 1816 496 1887 sententiam,
519 1817 553 1876 ut
576 1813 612 1871 de
635 1813 999 1889 sententiissimplicibus
1021 1813 1132 1873 iudice-

75 1922 101 1963 11
112 1907 173 1978 tur,
201 1905 326 1962 11111111
349 1903 384 1962 de
406 1903 626 1979 proloquend03
655 1903 709 1961 illa
733 1921 810 1978 quae
839 1904 881 1962 sic
909 1902 1133 1978 comprehendit

115 1995 302 2064 sententiam,
325 1996 360 2050 ut
383 1992 418 2050 de
440 1994 507 2067 ipsa
531 1993 622 2050 11111
646 1991 835 2067 copulatione
859 1991 1014 2067 iudicetur,
1040 1991 1132 2050 donec

114 2083 308 2158 perveniatur
326 2080 365 2139 ad
383 2098 537 2155 summam,
560 2084 685 2139 vocatur
703 2081 740 2139 de
759 2081 985 2155 proloquiorum
1008 2099 1131 2139 summa.

115 2203 157 2212 -
173 2170 297 2229 verbum
316 2173 361 2228 est
378 2170 623 2244 uniuscuiusque
640 2171 685 2227 rei
701 2170 818 2245 signum
838 2169 918 2244 quod
937 2170 974 2227 ab
993 2168 1132 2228 audiente

114 2259 211 2335 possit
242 2258 378 2336 intellegi
408 2279 426 2317 a
455 2259 595 2334 loquente
627 2259 787 2334 prolatum.
832 2277 880 2317 res
913 2261 959 2317 est
976 2257 1132 2334 vquicquid

76 2367 101 2409 11
115 2350 164 2408 vel
187 2348 315 2408 sentitur
343 2348 390 2406 vel
417 2346 602 2424 intellegitur
630 2348 678 2406 vel
701 2348 784 2406 latet.
832 2347 949 2424 signum
963 2405 965 2408 Α
979 2351 1024 2406 111
1052 2347 1133 2422 quod

117 2442 147 2496 et
170 2456 200 2496 se
223 2438 323 2512 ipsum
350 2437 449 2496 sensui
472 2439 502 2494 et
524 2438 643 2511 praeter
665 2454 696 2494 se
720 2435 837 2511 aliquid
865 2436 964 2496 animo
993 2436 1131 2495 ostendit

116 2527 200 2601 loqui
219 2528 265 2584 est
283 2525 445 2584 articulata
463 2543 535 2584 voce
553 2525 671 2602 signum
695 2524 773 2584 dare.
820 2525 1013 2584 articulatam
1032 2528 1132 2583 autem

116 2615 191 2687 dico,
220 2633 295 2690 quae
324 2613 533 2690 comprehendi
559 2613 669 2673 litteris
692 2616 798 2690 potest.
824 2646 866 2654 —
895 2633 981 2672 omne
1008 2614 1132 2674 verbum

116 2706 216 2779 sonat3
250 2722 318 2761 cum
346 2703 424 2761 enim
452 2706 497 2762 est
523 2702 699 2779 inscripto,
729 2722 789 2762 non
816 2703 939 2782 verbum
968 2703 1019 2761 sed
1049 2702 1133 2761 verbi

76 2811 103 2853 ee
117 2793 235 2870 signum
259 2795 311 2850 est.
335 2823 380 2832 —-
403 2791 453 2851 sed
477 2790 556 2867 quod
579 2794 675 2866 11111,
698 2791 774 2850 nihil
798 2791 837 2849 ad
860 2791 1054 2851 dialecticam.
1097 2792 1133 2850 de

117 2900 189 2940 sono
208 2881 287 2939 enim
305 2881 388 2939 verbi
412 2881 520 2959 agitur,
544 2898 611 2938 cum
630 2880 785 2956 quaeritur
802 2881 851 2938 vel
875 2880 1133 2953 animadvertitur,

117 2970 246 3046 qualiter
264 2969 412 3029 vocalium
433 2970 481 3029 vel
503 2969 699 3045 dispositione
721 2969 851 3028 leniatur
871 2969 919 3028 vel
943 2970 1133 3027 concursione

117 3059 258 3134 dehiscat,
281 3058 354 3117 item
375 3059 602 3118 consonantium
620 3059 668 3116 vel
691 3058 917 3134 interpositione
940 3058 1067 3117 nodetur
1085 3058 1133 3117 vel

118 3148 307 3226 congestione
326 3151 480 3225 asperetur
498 3150 529 3206 et
547 3149 620 3222 quot
638 3147 686 3208 vel
706 3147 846 3223 qualibus
865 3146 988 3223 syllabis
1009 3149 1133 3219 constet,

78 3257 103 3299 se
118 3237 170 3297 ubi
192 3237 325 3313 poeticus
344 3237 500 3312 rhythmus
520 3239 716 3311 accentusque
740 3255 758 3294 a
781 3236 985 3313 grammaticis
1003 3237 1133 3294 solamm

118 3326 235 3386 aurium
248 3328 419 3385 tractantur
436 3328 565 3403 negotia.
598 3329 628 3383 et
645 3328 746 3383 tamen
761 3344 828 3384 cum
843 3325 939 3384 dehis
954 3325 1133 3400 disputatur,

117 3418 238 3492 praeter
254 3415 440 3474 dialecticam
463 3434 524 3473 non
543 3417 599 3487 est3
624 3415 696 3474 11111
714 3414 793 3472 enim
814 3413 940 3474 scientia
958 3413 1134 3489 disputandi

114 3507 165 3561 est.
204 3505 257 3562 sed
282 3522 349 3562 curn
372 3504 462 3563 verba
485 3505 546 3564 sint
567 3523 676 3578 rerum,
699 3502 818 3579 quando
838 3503 965 3578 deipsis
988 3503 1133 3577 obtinent,
