2422 3840
478 180 581 236 Gavius
601 182 703 234 Bassus
1029 180 1095 244 489

80 353 197 410 mitosis
220 355 318 410 ortum
343 350 460 427 dicique
490 350 624 409 solitum:
658 345 725 408 ‘illc
752 351 840 408 homo
868 350 958 409 habet
986 369 1096 425 equum
1110 361 1137 401 ³⁰

81 436 247 499 Seianum'.
272 472 314 480 -
342 441 422 499 hunc
451 459 559 514 equum
588 438 701 499 Gavius
729 438 839 498 Bassus
869 439 979 497 vidisse
1007 439 1096 516 Argis

78 531 170 588 refert
192 531 267 587 haut
290 528 425 587 credibili
447 528 650 603 pulcritudine
669 530 831 605 vigoreque
855 531 885 586 et
907 528 1005 587 colore
1028 548 1100 585 eru-¹

79 619 297 678 berantissimo.
344 637 431 693 quem
462 619 589 677 colorem
613 635 679 691 noe,
708 618 797 675 sicuti
821 616 895 692 dixi,
923 619 1097 692 poeniceum

81 707 220 780 dicimus,
253 706 359 766 Graeci
385 710 497 783 partim
525 706 662 782 φοίνικα,
695 707 747 763 alii
775 705 903 764 σπάδικα
934 706 1098 781 appellant,

82 799 223 872 quoniam
254 797 373 871 palmae
403 799 511 854 termes
543 815 577 855 ex
608 795 713 854 arbore
744 813 812 852 cum
843 795 944 853 fructu
976 795 1097 854 avulsus
1112 804 1138 846 ³⁶

81 886 186 961 spadix
209 885 327 945 dicitur.

157 984 225 1038 Gen.
241 988 267 1050 3,
282 989 300 1037 9
319 997 403 1037 cavius
416 997 498 1037 Bessus
512 1014 536 1023 -
551 996 662 1036 suanum.
682 982 781 1036 eadem
799 983 941 1034 sententia
959 985 1002 1036 est
1021 982 1099 1036 illius

82 1072 193 1124 quoque
216 1055 320 1108 veteris
344 1054 497 1123 proverbii,
522 1055 597 1122 quod
620 1053 662 1106 ita
681 1054 789 1106 dictum
808 1053 967 1121 accepimus
988 1055 1099 1107 ‘aurum

83 1125 273 1179 Tolosanum'.
310 1144 376 1179 nam
404 1143 467 1178 cum
495 1125 632 1194 oppidum
655 1124 825 1178 Tolosanum
851 1123 881 1176 in
907 1127 982 1176 terra
1006 1125 1100 1178 Gallia

83 1199 137 1269 [ita
156 1199 304 1252 Erasmus:
330 1196 413 1250 italia
437 1199 478 1251 cel
500 1196 598 1256 italica
621 1196 711 1267 codd]
735 1195 855 1260 Quintus
875 1194 978 1263 Caepio
1002 1196 1100 1250 consul

83 1270 248 1337 diripuisset
274 1268 450 1336 multumque
479 1269 540 1321 auri
568 1268 598 1321 in
626 1267 686 1321 eius
715 1266 814 1335 oppidi
846 1267 961 1334 templis
988 1267 1098 1334 fuisset,

85 1341 212 1407 quisquis
236 1355 270 1392 ex
288 1357 322 1392 ea
341 1338 500 1406 direptione
519 1357 618 1392 aurum
638 1339 748 1408 attigit,
774 1338 876 1391 misero
896 1338 1100 1406 cruciabilique

84 1412 161 1465 exitu
185 1411 277 1479 periit.
323 1426 384 1463 nunc
403 1435 485 1472 equum
505 1442 528 1450 —
548 1425 636 1464 uorem.
682 1411 717 1476 cf.
740 1410 814 1475 Otto,
843 1409 971 1478 Spricbw.
988 1427 1017 1478 p.
1038 1414 1099 1464 315.

86 1483 152 1537 Gerr.
168 1487 195 1547 2,
209 1487 255 1547 26,
271 1487 295 1535 9.
315 1487 358 1534 10.
388 1483 470 1536 Prot.
486 1489 510 1536 et
528 1482 600 1536 Sero.
615 1499 702 1551 peorp.
718 1486 744 1547 3,
753 1485 797 1535 82.
827 1481 1099 1547 Isid.or.12,1,49.

86 1555 177 1678 0th
191 1555 294 1618 V245,
309 1557 350 1606 13.
398 1554 463 1606 baec
486 1554 537 1607 sub
561 1571 585 1607 c.
612 1553 711 1620 ‘epum
736 1552 870 1606 Seianus’
898 1555 1022 1621 reposita
1047 1570 1101 1607 esse

83 1644 111 1680 cr
132 1642 218 1678 enar.

155 1737 168 1781 ἵ
194 1731 274 1800 quos]
300 1730 373 1797 quod
398 1732 491 1784 Poris.
516 1732 602 1785 Vatio.
695 1735 710 1782 9
734 1730 871 1783 inusitata
893 1731 984 1784 Poris.
1005 1729 1100 1801 Lugd-

84 1803 150 1855 Bar.
243 1807 275 1853 16
294 1800 424 1854 triumvir
442 1803 534 1855 Paris.
626 1806 658 1853 31
677 1800 782 1853 vidisse
802 1817 831 1854 se
850 1801 926 1855 codd.
945 1802 1039 1856 deterr.

547 1961 566 2019 ⁵
588 1954 637 2039 [4]

152 2075 297 2152 iuglans
321 2076 426 2134 arbor
449 2075 598 2150 proinde
618 2075 716 2134 dicta
735 2079 788 2134 est
807 2094 846 2134 ac
866 2075 964 2134 lovis
984 2077 1101 2154 glans3

85 2184 166 2222 nam
186 2166 271 2240 quia
288 2166 323 2222 id
348 2165 488 2224 arboris
507 2184 616 2243 genus
640 2183 746 2224 nuces
765 2165 886 2239 habet,
910 2185 998 2240 quae
1018 2169 1102 2225 sunt

86 2256 253 2313 suaviore
286 2272 413 2330 sapore
447 2273 550 2329 quam
582 2255 685 2331 glans
719 2257 788 2328 cst,
820 2254 911 2312 hunc
943 2254 1101 2313 fructum

32 2342 34 2346 '
87 2343 232 2418 antiqui
270 2344 344 2416 illi,
386 2343 446 2418 qui
484 2345 666 2420 egregium
709 2343 907 2420 glandique
947 2345 1101 2401 similem

86 2435 273 2507 ipsamque
293 2431 455 2490 arborem
470 2432 533 2490 deo
549 2432 692 2509 dignam
711 2432 984 2505 existimabant,
1003 2432 1128 2491 lovis⁵

86 2520 248 2597 glandem
272 2520 566 2596 appellaverunt,
596 2539 685 2596 quae
709 2539 801 2578 nuno
824 2520 964 2580 litteris
986 2523 1102 2580 inter-

87 2611 169 2669 lisis
197 2610 341 2687 iuglan's
365 2611 580 2670 nominatur.

160 2710 283 2763 Macrob.
299 2713 450 2776 3,18,2sq.
476 2711 505 2761 et
520 2707 643 2762 Servius:
664 2708 733 2760 ‘nux
750 2707 807 2760 ista
821 2708 933 2774 iuglans
948 2709 1102 2761 secundum

86 2796 142 2832 non
166 2780 306 2833 nullorum
329 2780 491 2848 opinionem
514 2797 531 2831 a
553 2778 674 2832 iuvando
698 2782 727 2831 et
746 2796 762 2831 a
781 2779 884 2848 glande
908 2779 985 2832 dicta
1007 2779 1102 2832 existi-

86 2852 198 2904 matur'.
229 2851 332 2904 Gavius
350 2867 416 2904 vero
430 2850 533 2903 Bassus
551 2850 582 2902 in
599 2850 670 2903 libro
686 2851 720 2903 de
735 2850 940 2920 significatione
954 2851 1102 2904 verborum

86 2921 139 2975 boc
165 2922 261 2976 refert:
287 2937 377 2986 iug1ans
394 2954 421 2961 —
439 2937 573 2976 nominatur.
611 2920 735 2975 Cloatius
761 2923 855 2974 autem
881 2921 970 2974 Verus
996 2922 1043 2994 [fr.
1064 2922 1101 2992 5].

84 3010 199 3060 prorsus
221 2996 346 3048 similiter
374 2995 462 3048 Varro
486 2993 518 3046 de
542 2994 558 3045 l.
578 2993 612 3047 L.
633 2997 658 3059 5,
679 2997 741 3047 162.
783 2993 818 3059 cf.
843 2992 914 3047 Sero.
935 2995 992 3048 boc.
1011 2997 1037 3059 8,
1056 2996 1101 3046 29.

87 3065 160 3118 Noc.
173 3084 202 3133 p.
218 3069 282 3130 122,
297 3069 340 3118 30.
361 3065 429 3118 Istc.
446 3082 483 3118 or.
499 3068 544 3129 17,
560 3068 585 3129 7,
599 3068 643 3118 21.
665 3064 751 3119 OGL
770 3066 789 3116 1
793 3064 820 3117 V
829 3068 893 3130 215,
904 3069 948 3118 51.
968 3065 1064 3130 V366,
1076 3069 1102 3117 4.

88 3140 150 3201 642,
166 3141 209 3190 50.
247 3137 350 3191 Auccd.
370 3137 408 3189 Η,
424 3153 454 3205 p.
470 3140 532 3201 180,
547 3141 571 3189 4.

547 3289 566 3344 6
590 3279 639 3365 [5]

153 3422 283 3477 parcus
316 3402 515 3477 composito
551 3400 726 3460 vocabulo
760 3402 815 3459 est
846 3399 975 3456 dictus
1007 3397 1125 3467 quasa

90 3511 154 3566 par
185 3510 300 3564 arcae,
334 3491 490 3567 quando,
524 3493 624 3553 sicut
653 3493 695 3550 in
725 3508 817 3549 arca
849 3486 981 3542 omnia,
1009 3490 1150 3531 resou-

82 3580 215 3636 duntur
232 3581 382 3657 eiusque
403 3583 581 3644 custodia
603 3584 819 3645 seruantur
841 3576 886 3631 e's
902 3553 1188 3628 conuiuatus
