2422 3840
424 162 454 216 P.
474 161 607 233 Nigidius
625 161 742 232 Figulus
915 185 917 189 ν
1031 161 1094 226 159

73 322 118 377 ita
142 322 179 376 ad
201 339 246 376 me
269 321 394 387 mittunt,
420 322 570 392 Nigidium
591 321 695 376 minari
714 322 743 375 in
763 324 892 378 contione
916 339 945 376 se
964 322 1096 390 iudicem,

73 394 200 462 quinon
221 393 352 457 adfuerit,
372 393 613 463 compellaturum

149 470 173 546 6
195 465 250 520 Cic.
274 465 312 520 oc
338 437 367 534 Q.
391 465 427 531 fr.
448 471 473 532 1,
487 470 514 532 2,
530 470 564 520 16
589 465 628 535 [a.
602 464 762 547 a695J59]
789 468 934 535 praetores
958 466 1095 521 habemus

74 534 263 590 amicissimos
282 539 311 590 et
330 537 479 590 acerrimos
499 536 582 602 cives,
600 536 756 636 Domitium
770 536 918 606 Nigidium
932 537 1096 591 Memmium

73 608 236 661 Lentulum.

149 681 175 734 ⁷.
197 680 250 733 Oia
274 679 376 734 Time
407 679 457 746 qui
490 679 535 750 [P.
559 632 705 761 Nigidius]
739 696 802 733 cum
834 696 878 732 me
910 678 941 732 in
966 679 1093 735 Ciliciam

73 749 301 832 proficiscentem
324 749 428 819 Ephesi
451 750 656 819 expectavisset
673 750 792 804 Romam
815 767 849 804 ex
867 750 1042 834 legatione
1033 770 1095 821 rpse

75 821 217 876 decedens
236 820 412 889 venissetque
431 822 530 876 eodem
548 820 693 889 Mytilenis
712 821 769 875 mei
788 820 930 876 salutandi
945 826 973 875 et
988 822 1096 878 visendi

75 909 164 946 causa
187 889 337 962 Cratippus
363 891 615 975 Peripateticorum
641 892 778 957 omnium
807 910 877 961 quos
903 892 1018 962 quidem
1043 912 1096 965 ego

76 963 228 1031 audierim,
246 980 308 1017 meo
327 963 433 1018 iudicio
452 963 537 1017 facile
555 964 693 1044 prinecps,
712 935 932 1033 perlibenteret
949 965 1097 1050 Nigidium

75 1033 136 1088 vidi
156 1036 185 1089 et
200 1034 317 1104 cognovi
337 1035 509 1104 Cratippum.
542 1052 575 1088 ac
589 1034 712 1104 primum
726 1035 841 1103 quidem
859 1038 971 1105 tempus
991 1037 1096 1092 salutass

76 1104 191 1160 tionis
183 1123 213 1158 m
231 1106 442 1175 percontatione
461 1106 734 1175 consumpsimus.

151 1182 178 1231 8.
200 1176 253 1232 Cic
269 1178 306 1231 ad
321 1179 379 1241 Art,
396 1182 420 1244 7,
430 1183 466 1232 94
482 1179 519 1248 [6.
532 1178 641 1260 765649]
662 1194 727 1233 6666
740 1180 805 1247 post
793 1175 877 1230 tridie
892 1176 970 1231 Cassi
984 1165 1096 1234 litterae

78 1247 176 1330 Capua
194 1265 212 1302 a
230 1248 360 1302 Lucretio
379 1248 514 1303 familiari
533 1249 601 1315 eius,
627 1248 775 1334 Nigidium
794 1265 811 1301 a
828 1246 953 1304 Domitio
972 1250 1098 1319 Capuam

77 1318 197 1374 venisse.
236 1335 299 1374 eum
319 1320 411 1374 dicere
425 1319 583 1374 Vibullium
602 1337 665 1374 cum
682 1321 782 1388 paucis
800 1315 940 1374 militibus
960 1337 975 1376 e
994 1321 1097 1386 Piceno

79 1407 190 1445 currere
204 1390 241 1444 ad
256 1391 390 1458 Gnaeum,
410 1391 581 1446 confestim
572 1391 683 1459 insequi
698 1391 852 1482 Caesarem
870 1391 1026 1446 Domitium
1041 1410 1098 1461 non

78 1461 184 1516 habere
203 1461 277 1515 milit
265 1463 326 1515 tum
344 1461 383 1516 ΠΙ
400 1462 488 1517 milia.

152 1539 177 1588 9.
200 1534 253 1588 066.
269 1534 308 1587 ad
320 1534 387 1600 sam
403 1540 474 1600 4,13
492 1535 531 1605 [a
548 1534 660 1605 70646]
680 1514 717 1587 Μ
738 1532 833 1588 Cicero
853 1535 879 1589 S
894 1534 927 1589 D
942 1529 971 1588 P.
987 1535 1097 1605 Figulo

80 1606 175 1660 Cicero
189 1604 339 1675 Nigidium
352 1576 445 1659 6666666
457 1608 573 1673 fortuna
591 1606 732 1674 adflictum
751 1607 1024 1675 consolationemque
1043 1624 1097 1661 om-

78 1678 158 1730 66666
186 1676 371 1730 6666666666
399 1682 424 1731 66
450 1678 652 1732 saeuissimae
679 1683 704 1730 et
728 1677 782 1729 sibi
807 1670 874 1732 certe
901 1679 1098 1732 6666666666

79 1749 270 1873 appeliCCsCic
294 1820 362 1872 Tim.
387 1824 442 1884 1‚1
470 1818 561 1872 multa
587 1820 652 1872 sunt
676 1834 692 1871 a
715 1817 797 1872 nobis
821 1820 851 1872 et
872 1820 901 1871 in
920 1820 1098 1874 Academicis

80 1890 241 1960 conscripta
254 1893 352 1943 contra
365 1889 497 1959 physicos
512 1892 541 1944 et
555 1906 639 1958 saepe
650 1889 756 2012 <emp
766 1889 796 1943 P.
807 1889 924 1959 Nigidio
937 1889 1098 1945 Carneadeo

80 1978 157 2015 more
173 1964 202 2014 et
214 1961 298 2015 modo
314 1960 468 2030 disputata.
501 1961 556 2014 fuit
571 1962 646 2014 enim
659 1961 701 2013 vir
716 1960 736 2014 il
749 1977 764 2014 e
779 1978 842 2014 cum
861 1962 961 2016 ceteris
981 1962 1098 2028 artibus,

82 2048 156 2100 quae
176 2032 290 2099 quidem
310 2032 414 2102 dignae
432 2032 522 2088 libero
541 2034 642 2097 essent,
662 2035 778 2087 omatus
797 2032 935 2098 omnibus,
954 2037 1016 2087 tum
1034 2050 1099 2087 acer

81 2103 270 2172 investigator
289 2106 318 2157 et
336 2103 458 2172 diligens
477 2120 574 2158 earum
592 2121 694 2169 rerum,
714 2121 787 2170 quae
804 2105 936 2158 aratura
954 2103 1099 2160 involutae

81 2175 224 2241 videntur;
235 2174 356 2244 denique
364 2175 405 2227 sic
412 2174 507 2229 iudico
514 2178 579 2244 post
587 2174 650 2228 illos
658 2174 972 2244 nobilesPythagoreos,
981 2192 1099 2244 quorum

82 2245 234 2314 disciplina
257 2249 304 2300 ext
292 2246 382 2300 tincta
405 2248 448 2300 est
472 2246 593 2314 quodam
616 2247 709 2312 modo,
733 2263 797 2300 cum
820 2245 929 2329 aliquot
953 2247 1045 2300 saecla
1069 2248 1099 2300 in

80 2317 167 2370 Italia
186 2315 339 2384 Siciliaque
358 2317 505 2388 viguisset
482 2317 601 2370 thune
620 2288 754 2383 extitisse,
779 2318 828 2386 qui
846 2317 926 2370 illam
944 2321 1099 2373 renovaret.

156 2401 197 2451 11.
218 2397 303 2452 Sobel.
320 2399 388 2452 Bob.
405 2398 443 2451 ad
458 2399 559 2453 06666
574 2398 665 2452 Vara
681 2402 844 2479 d,1p.317
861 2398 904 2452 Or.
934 2398 1100 2452 fuitautem

81 2467 141 2523 illis
167 2468 341 2537 temporibus
364 2468 498 2552 Nigidius
524 2468 640 2536 quidam
665 2468 707 2521 vir
733 2468 862 2522 doctrina
887 2472 916 2522 et
941 2470 1100 2524 eruditione

82 2539 240 2594 studiorum
249 2540 517 2608 praestantissimus
527 2540 564 2592 ad
574 2555 658 2607 quern
667 2539 783 2609 plurimi
793 2540 1005 2594 conveniebant
1029 2542 1099 2595 haec

83 2610 120 2664 ab
145 2609 380 2666 obtrectatoribus
405 2610 483 2665 velut
505 2610 591 2665 factio
614 2611 706 2664 minus
729 2610 884 2679 probabilis
907 2611 1099 2677 iactitabatur‚

83 2682 210 2750 quamvis
225 2682 280 2750 ipsi
293 2682 472 2751 Pythagorae
487 2685 639 2736 sectatores
654 2682 809 2736 existimari
824 2681 936 2736 vellent.
956 2684 990 2749 cf.
1006 2690 1061 2738 test.
1074 2689 1099 2739 3.

103 2773 104 2776 ’
155 2767 172 2814 4
190 2761 267 2816 velut
285 2762 372 2817 factio
392 2764 552 2818 Buecheler:
569 2761 656 2816 veluti
675 2762 750 2817 actio

157 2847 199 2897 19.
220 2843 327 2897 Ps-eec.
347 2844 378 2896 66
397 2843 464 2898 Sall.
484 2850 601 2897 6666666.
622 2847 656 2897 14
684 2846 714 2895 66
731 2843 859 2897 hercules
882 2842 979 2911 lapsus
998 2843 1101 2898 aetatis

83 2913 214 2967 tirocinio
233 2918 332 2982 postea
351 2930 381 2967 se
400 2915 520 2967 correxit
539 2914 721 2995 [6666666666.
755 2915 870 2968 nonita
890 2917 941 2981 est,
961 2915 1010 2968 sed
1029 2915 1102 2969 abiit

83 2985 114 3037 in
133 2984 300 3039 sodalicium
319 2984 461 3055 sacrilegii
482 2985 636 3055 Nigidiani.

158 3061 199 3110 13.
219 3058 303 3124 Apul.
324 3057 356 3110 de
379 3074 449 3125 mag.
469 3061 506 3112 49
530 3055 646 3111 memini
669 3072 713 3110 me
737 3056 813 3125 apud
831 3056 985 3110 Varronem
1009 3056 1101 3125 philo-

84 3127 204 3195 sophum
215 3128 312 3181 -hoc
327 3127 414 3183 etiam
427 3128 521 3198 legere
536 3149 583 3193 —3
601 3127 726 3195 itemque
741 3127 867 3192 Fabium,
886 3144 950 3181 cum
964 3127 1101 3196 quingen-

84 3201 129 3252 tos
149 3199 296 3251 denarium
314 3198 493 3268 perdidisset,
517 3199 553 3252 ad
571 3198 720 3268 Nigidium
739 3198 898 3252 consultum
918 3199 1037 3263 venisse3
1064 3199 1100 3252 ab

85 3286 117 3323 eo
137 3286 239 3339 pueros
258 3270 381 3323 carmine
404 3269 553 3324 instinctos
576 3269 753 3333 indicavisse,
776 3269 826 3323 ubi
845 3269 970 3323 locorum
989 3269 1102 3322 delbssa

85 3343 160 3395 esset
183 3341 310 3395 crumina
333 3358 397 3394 cum
420 3344 501 3410 parte
526 3357 634 3408 eorum,
662 3342 748 3395 ceteri
771 3344 804 3394 ut
827 3341 919 3394 forent
942 3340 1101 3405 distributi,

84 3430 173 3466 unum
197 3413 284 3467 etiam
308 3413 455 3466 denarium
478 3429 512 3466 ex
536 3427 568 3466 eo
587 3430 701 3466 numero
725 3412 829 3466 habere
853 3410 985 3465 Catonern
1009 3411 1101 3480 philo-

85 3483 219 3552 sophum,
241 3499 325 3552 quem
348 3501 377 3537 se
402 3500 419 3536 a
442 3484 627 3553 pedisequo
619 3502 650 3538 ιιι
673 3483 780 3555 stipem
799 3483 944 3554 Npoll'uixs
964 3481 1118 3548 accepisse

85 3555 155 3609 Cato
174 3553 315 3608 confessus
333 3556 381 3609 est
