2422 3840
132 207 196 273 308
281 207 487 263 Grammaticae
507 207 610 262 aetatis
624 207 818 262 'varronianae
837 206 997 276 fragmenta

131 369 262 425 trieteris
304 369 398 424 itaet
421 370 521 424 Usener
546 386 590 437 ap.
616 370 705 424 Wiloe.
733 370 820 423 certis
847 368 877 420 id
904 371 948 422 cst
973 384 1095 436 compos.
1115 399 1150 408 —

131 441 304 496 absimilium
321 444 432 496 seclusis
455 441 587 508 trieteris,
613 441 718 494 dicitur
737 441 802 495 Keil
891 457 947 493 uno
967 440 1031 494 add.
1060 441 1149 494 Wilm.

133 518 165 566 14
185 513 284 566 eodem
302 519 362 582 post
381 529 475 566 omnes
495 512 561 566 Keil

558 646 624 705 aaa
649 638 719 723 [ee]

197 771 299 812 versus
318 757 371 828 est,
394 755 429 811 ut
447 753 576 811 Varroni
594 753 703 827 placet,
726 751 883 810 verborum
901 753 1049 826 iunctura,
1073 769 1151 827 quae

131 862 184 918 per
203 842 344 901 articulos
364 845 394 901 et
412 845 561 900 commata
580 860 614 899 ac
632 840 788 915 rhythmos
806 840 979 899 modulatur
1001 841 1033 898 in
1051 840 1151 916 pedes.

131 933 239 1007 incipit
258 934 359 990 autem
378 950 396 989 a
414 931 541 988 dimetro
560 933 591 989 et
609 929 743 1005 procedit
760 948 854 1005 nsque
874 929 912 987 ad
934 929 1149 1005 hexametrum,

131 1024 163 1078 in
185 1021 232 1080 his
252 1021 425 1079 dumtaxat
447 1019 580 1079 versibus
601 1020 653 1094 qui
669 1038 723 1094 per
746 1019 879 1096 singulos
896 1017 986 1094 pedes
1005 1018 1149 1076 dirimun-

106 1113 195 1183 stur,
225 1111 258 1168 in
284 1111 345 1169 illis
370 1111 482 1183 autem,
513 1108 565 1183 qui
586 1127 640 1184 per
667 1107 832 1184 dipodiam,
862 1127 955 1183 nsque
986 1107 1023 1167 ad
1056 1111 1150 1166 tetra-

132 1202 260 1257 metrum
283 1199 343 1263 ,vel
378 1200 613 1274 pentametrum,
649 1217 710 1255 non
746 1215 909 1272 numquam
944 1196 1150 1255 hexametrum

131 1289 273 1364 procedit.
320 1287 427 1365 quibus
455 1287 490 1344 de
514 1287 659 1346 divisione
687 1305 721 1344 ac
749 1287 901 1345 scansione
930 1305 1016 1345 suum
1044 1287 1150 1363 cuique

132 1397 239 1437 nomen
270 1379 321 1435 est.
374 1394 446 1452 quos
476 1376 569 1434 latine
601 1377 754 1435 taxatione
786 1375 967 1451 simplicium
996 1371 1150 1453 (pedum)

133 1467 265 1526 senarios
285 1467 447 1540 trimetros,
470 1466 638 1524 octonarios
656 1484 726 1524 vero
749 1467 939 1523 tetrametros
958 1468 1150 1523 vocaverunt.

94 1575 119 1614 ro
135 1555 258 1614 abusiva
288 1574 357 1614 vero
387 1554 461 1613 haec
490 1554 653 1630 appellatio
683 1554 849 1626 habebitur,
882 1571 948 1611 cum
978 1555 1093 1612 sincera
1121 1558 1151 1612 et

133 1646 256 1721 propria
279 1643 494 1720 significatione
519 1642 698 1702 Graecorum
720 1661 822 1702 versus
844 1644 951 1702 herous
980 1642 1151 1701 hexameter

134 1752 203 1810 epos
223 1733 347 1793 dicatur.
385 1733 465 1808 apud
483 1751 537 1791 nos
557 1735 657 1791 autem
675 1750 776 1791 versus
796 1732 892 1791 dictus
912 1735 957 1791 est
975 1750 993 1790 a
1012 1734 1150 1806 versuris,

132 1823 164 1880 id
188 1826 233 1882 ast
257 1842 273 1880 a
300 1823 428 1898 repetita
457 1823 603 1897 scriptura
627 1840 662 1879 ax
685 1840 720 1880 ca
747 1824 832 1897 parte
858 1821 890 1878 in
915 1840 1004 1898 quam
1032 1821 1150 1879 desinit.

133 1912 238 1989 primis
262 1914 341 1969 enim
363 1911 555 1987 temporibus,
584 1913 661 1969 sicut
685 1910 804 1986 qnidam
830 1910 979 1985 adserunt,
1003 1913 1045 1968 sic
1068 1910 1151 1969 soliti

95 2020 119 2060 15
134 2003 219 2059 erant
251 2000 389 2076 scribere,
421 2001 456 2058 ut
486 2020 552 2060 cum
583 2019 601 2059 a
631 2001 752 2058 sinistra
783 2003 869 2075 parte
901 2001 1022 2057 initium
1054 1999 1151 2057 facere

136 2093 301 2166 coepissent
324 2093 354 2148 et
376 2089 529 2148 duxissent
552 2089 589 2148 ad
612 2089 760 2162 dextram,
791 2091 962 2163 sequentem
992 2105 1110 2146 versum
1133 2107 1151 2146 a

134 2179 239 2238 dextra
266 2183 351 2254 parte
379 2179 552 2238 inchoantes
581 2178 618 2236 ad
646 2179 797 2237 sinistram
824 2177 1031 2253 perducerent3
1063 2196 1151 2251 quem

134 2288 246 2327 morem
269 2270 369 2326 ierunt
392 2268 540 2327 custodire
569 2268 665 2327 adhuc
687 2270 719 2324 in
743 2269 803 2326 suis
826 2267 891 2325 liris
915 2268 1049 2324 rusticos.
1096 2267 1152 2324 hoc

135 2359 235 2416 autem
267 2375 360 2435 genus
393 2359 557 2432 scripturae
590 2356 728 2415 dicebant
758 2354 980 2431 bustrophedon
1010 2374 1028 2411 a
1060 2354 1151 2415 boum

95 2465 121 2504 ao
135 2448 316 2519 versatione,
345 2445 423 2504 unde
454 2446 550 2505 adhuc
577 2445 608 2503 in
636 2445 749 2503 arando
776 2444 828 2502 ubi
856 2445 965 2503 desinit
993 2445 1093 2502 sulcus
1121 2447 1151 2502 et

134 2535 212 2593 unde
232 2536 308 2594 alter
325 2534 482 2594 inchoatur
499 2554 621 2594 versura
644 2535 765 2609 proprio
784 2534 930 2593 vocabulo
954 2536 1150 2608 nuncupatur.

136 2626 231 2683 omnis
260 2627 361 2682 autem
384 2642 486 2683 versus
510 2623 546 2682 ab
570 2627 688 2700 integra
709 2625 795 2698 parte
819 2623 961 2681 orationis
992 2623 1099 2698 incipit
1122 2624 1151 2680 et

134 2716 167 2772 in
186 2715 334 2791 integram
353 2713 462 2771 desinit
481 2714 610 2789 exceptis
633 2713 688 2788 his,
712 2731 789 2788 quae
810 2714 842 2769 in
862 2712 1021 2770 comoediis
1040 2711 1150 2770 iocula-

135 2803 209 2860 riter
236 2802 317 2860 dicta
346 2804 487 2877 corrupta
515 2804 568 2860 aut
597 2801 760 2878 semiplena
790 2801 961 2875 efferuntur,
995 2803 1047 2859 aut
1075 2820 1150 2877 quae

96 2911 121 2950 as
136 2911 203 2949 raro
236 2892 315 2967 apud
348 2893 447 2967 epicos
478 2893 568 2949 metri
598 2893 773 2950 necessitate
806 2890 988 2949 dividuntur.
1016 2922 1054 2930 -
1085 2891 1152 2965 pari

135 2983 251 3039 ratione
269 2983 301 3038 in
319 2999 406 3039 versu
425 2984 455 3038 et
474 2999 604 3055 apocope
622 2982 781 3055 praecepta
801 2983 854 3054 est,
872 2979 904 3037 id
924 2981 969 3037 est
987 2978 1150 3037 subtractio

136 3069 269 3145 syllabae
297 3070 517 3144 syllabarumve
546 3068 703 3127 cuiuslibet
730 3070 873 3127 orationis
903 3071 999 3125 metro
1027 3070 1150 3144 cogente

136 3159 231 3232 iacta,
259 3177 335 3234 quae
362 3159 424 3217 sive
452 3159 483 3216 in
507 3158 597 3218 verbo
620 3159 682 3217 sive
710 3160 741 3215 in
768 3158 886 3216 nomine
915 3156 1068 3231 acciderit,
1096 3175 1151 3232 pro

137 3249 254 3324 integra
277 3250 363 3323 parta
386 3248 528 3306 orationis
551 3248 721 3322 accipietur,
745 3250 779 3304 ut
807 3240 900 3324 [lino.
924 3264 993 3304 ono.
1016 3246 1080 3304 563
1091 3237 1150 3323 Vi]

97 3356 123 3395 ao
139 3330 225 3395 ‘endo
240 3355 294 3396 sua
308 3331 357 3394 do’
377 3335 468 3395 idest
485 3338 515 3393 in
532 3354 586 3394 sna
600 3337 695 3393 domo.
727 3337 800 3393 item
820 3329 913 3413 [Ean.
929 3353 997 3394 ann.
1014 3337 1080 3393 317
1091 3325 1149 3412 W]

138 3419 184 3484 ‘ac
202 3426 296 3484 famul
315 3425 433 3484 infimus
453 3419 541 3484 esset’
564 3445 618 3502 pro
636 3425 758 3483 famulo.
796 3424 933 3483 similiter
955 3418 1065 3501 [Lucil.
1087 3425 1150 3481 378

122 3508 214 3592 Mn]
253 3511 371 3590 ‘proras
405 3514 572 3594 despoliate
605 3517 637 3575 et
668 3513 827 3573 detundete
862 3508 1009 3588 guberna’
1043 3513 1074 3570 id
1107 3516 1151 3571 est

139 3600 322 3666 rbemecula
350 3641 403 3670 -—.
445 3627 555 3672 versus
584 3609 693 3669 autem
724 3604 820 3664 bistat
845 3621 867 3660 a
884 3604 1000 3670 metro,
1026 3600 1108 3670 anob
1125 3602 1162 3654 'm
