2422 3840
127 211 194 274 210
275 211 479 267 Grammaticos
498 212 601 266 aetalia
620 211 812 267 Varronianae
831 213 990 284 fragmenta

125 372 253 426 meritum
279 388 296 426 a
314 372 394 426 Livio
413 372 584 441 Salinatore,
608 372 686 426 cuius
705 373 809 428 liberos
829 373 988 440 erudiebat,
1010 372 1145 427 libertale

124 444 245 497 donaine
264 446 314 498 est.
347 445 379 498 ric
393 445 473 499 Accii
490 461 579 499 errore
597 445 631 510 cf.
652 445 735 512 Reiff.
755 445 827 500 Soet.
846 447 903 500 rell.
918 463 948 514 p.
962 449 1000 500 23
1019 446 1057 499 ool
1074 446 1110 511 fr.
1126 449 1144 499 5

123 522 148 570 ct
166 516 244 581 infra
261 518 297 583 fr.
312 520 357 570 58.
735 570 736 574 ,

195 627 211 674 2
230 622 259 677 C.
278 622 343 676 odd.
363 623 468 677 Hosius

610 756 652 815 56

188 880 206 936 l.
230 880 258 937 I.
304 898 382 939 anno
405 884 474 955 post
496 881 622 939 Romam
645 880 797 940 conditam
825 880 1062 959 quingentesimo
1086 863 1142 938 unss

121 966 300 1028 devicesimo
321 968 369 1044 Sp.
386 968 534 1028 Carvilius
552 969 641 1047 Ruga
659 972 773 1045 primus
792 969 905 1028 Romae
924 969 960 1028 de
979 970 1141 1028 amicorum

120 1059 269 1117 sententia
299 1057 461 1118 ‹livoriium
489 1077 556 1117 cum
585 1077 678 1118 uxore
708 1058 788 1132 fecit,
821 1058 901 1134 quod
929 1057 1033 1117 sterila
1064 1060 1141 1118 esset

120 1147 308 1223 iurassetque
341 1147 421 1222 apud
453 1165 587 1208 censores
619 1167 742 1207 uxorem
772 1166 803 1206 se
832 1147 959 1206 liberum
992 1166 1139 1222 quaerun-

94 1234 227 1295 cdorum
254 1253 344 1295 causa
370 1236 493 1311 habere,
523 1237 684 1311 eodemque
712 1256 790 1295 anno
815 1236 867 1296 Cn.
890 1236 1023 1296 Naevius
1050 1239 1143 1311 pocta

120 1324 239 1384 fabulas
263 1325 344 1402 apud
367 1327 513 1401 populum
536 1325 627 1400 dedii,
658 1343 746 1400 quem
768 1325 808 1382 M.
826 1325 924 1384 Varro
948 1325 979 1382 in
1002 1325 1079 1384 libro
1103 1325 1141 1384 de

118 1416 215 1488 poetis
248 1413 344 1489 primo
377 1414 526 1489 stipendia
558 1415 663 1473 fecisse
696 1415 740 1473 ait
771 1414 851 1473 bello
881 1414 1009 1473 Poenico
1041 1415 1139 1489 primo

118 1502 210 1577 idque
234 1504 334 1578 ipsum
352 1503 501 1562 Naevium
525 1497 632 1582 [FPR
650 1497 738 1582 213]
763 1504 861 1561 dicare
884 1505 916 1561 in
940 1522 974 1562 eo
999 1505 1141 1577 carmine,

119 1592 199 1666 quod
230 1592 266 1650 de
300 1591 402 1651 eodem
432 1593 511 1652 bello
544 1592 671 1668 scripsit.
721 1592 846 1652 Porcius
883 1595 984 1651 aulem
1016 1591 1140 1650 Licinus

79 1682 213 1740 rosarius
232 1681 381 1757 poeticam
394 1681 506 1740 Romae
526 1681 656 1757 coepisse
671 1680 745 1739 dicii
763 1684 794 1739 in
809 1681 855 1740 his
870 1681 1004 1741 versibus
1021 1675 1072 1759 [fr.
1090 1674 1140 1759 1]:

206 1786 334 1846 Poenico
356 1787 435 1846 bello
459 1788 589 1847 secundo
612 1787 699 1846 Musa
721 1787 847 1862 pinnato
871 1787 968 1865 gradu
1006 1839 1007 1842 ,

206 1876 310 1935 incolit
332 1895 362 1935 se
384 1876 555 1936 bellicosam
580 1877 611 1933 in
635 1876 756 1935 Romuli
781 1880 899 1954 geniem
922 1877 1024 1935 feram.
1132 1923 1134 1928 .

190 1982 259 2037 Geli.
274 1988 318 2050 17,
332 1987 378 2050 21,
391 1988 427 2037 44
445 2010 505 2037 anno
525 1983 627 2037 deinde
646 2002 697 2046 post
710 2017 737 2024 -
750 1999 830 2038 feram.
859 1985 892 2038 de
910 1985 967 2038 loco
986 1982 1084 2038 Licini
1101 1983 1138 2049 cf.

116 2052 182 2119 Leo,
201 2056 244 2109 Pl.
264 2056 298 2108 F.
314 2073 344 2124 p.
360 2059 440 2124 53⁸4·

189 2165 202 2212 1
222 2160 335 2230 undcv.]
354 2160 485 2214 vicesimo
504 2161 588 2214 lertio
610 2161 678 2216 Geli.
693 2168 720 2228 4,
734 2165 794 2227 3,2
883 2168 899 2213 3
919 2161 1023 2215 sterilis
1043 2163 1135 2216 Poris.

116 2234 133 2282 4
146 2231 341 2298 quaerundum
357 2231 425 2286 Gell.
440 2233 506 2286 ibid.
545 2238 560 2286 5
576 2231 637 2304 On]
652 2251 688 2302 .g.
703 2233 795 2287 Paris.
812 2249 835 2286 c.
847 2233 945 2303 Recio.
961 2237 1015 2287 597
1028 2240 1054 2287 et
1063 2238 1138 2287 1646

121 2302 194 2356 Voss.
206 2303 269 2356 Lat.
282 2303 313 2356 F
324 2307 378 2358 112
393 2305 530 2374 Manliae.
546 2306 658 2357 centum
670 2304 742 2358 Voss.
754 2303 819 2358 Lat.
830 2303 861 2356 F
866 2308 883 2357 7
938 2309 953 2357 6
969 2304 1136 2376 (primum)

117 2373 275 2428 antecedis
292 2375 395 2441 Teuffel
471 2380 486 2427 9
502 2391 557 2442 quo
572 2375 670 2446 Rcyia.
686 2380 740 2429 597
758 2375 833 2430 Voss.
848 2376 914 2429 Lai.
929 2375 989 2428 Fr
1068 2374 1136 2429 Por-

116 2443 190 2496 cium
208 2444 387 2498 —licinium
406 2445 523 2500 servius:
542 2463 590 2500 cm.
614 2448 772 2501 Torrentius
790 2454 817 2500 et
835 2447 933 2501 Carrio
952 2445 1081 2500 Porcium
1100 2478 1138 2486 —

116 2514 208 2569 dicere
228 2517 334 2572 arceor
352 2523 376 2571 ct
394 2517 500 2572 &hartz
518 2518 582 2587 (Re.
603 2518 679 2572 Mus.
700 2519 804 2588 54,19)

602 2686 643 2743 57

181 2807 242 2867 lI.
272 2809 445 2868 inmorlales
468 2811 609 2870 mortales
633 2812 660 2869 si
683 2810 760 2869 foret
784 2809 829 2868 fas
853 2809 931 2883 flere,

273 2896 378 2955 flerent
400 2897 486 2956 divae
511 2897 657 2957 Camenae
680 2899 830 2957 Naevium
854 2902 982 2974 poetam.

273 2987 376 3060 itaque
399 2990 559 3061 postquam
582 2991 628 3048 esi
647 2985 742 3046 Orcho
767 2987 897 3046 traditus
921 2989 1069 3064 thesauro,

273 3074 361 3133 obliti
384 3079 453 3134 sunt
474 3075 587 3135 Romae
610 3077 727 3151 loquicr
750 3076 855 3153 lingua
878 3077 994 3136 Latina.

186 3181 253 3236 Gell.
274 3187 299 3248 1,
312 3185 349 3235 24
373 3183 460 3235 crium
482 3185 629 3251 poetarum
652 3182 814 3236 inlustrium
838 3184 1056 3253 epigrammata,
1084 3184 1132 3239 Cn.

113 3250 214 3305 Naevii
232 3252 327 3306 Plauti
350 3253 383 3305 M.
398 3253 527 3321 Pacuvii,
550 3270 623 3321 quae
642 3255 698 3324 ipsi
721 3254 848 3307 fecerunt
872 3257 900 3307 et
918 3255 1071 3309 incidenda
1090 3274 1132 3309 se-

111 3322 208 3390 pulcro
227 3341 278 3377 suo
296 3323 471 3391 reliquerunt
484 3356 526 3378 —.
547 3325 721 3394 epigramma
739 3325 840 3378 Naevii
854 3325 970 3395 plenum
983 3327 1131 3394 superbiae

112 3392 284 3464 Campanae,
311 3395 386 3462 quod
412 3396 605 3450 testimonium
631 3412 691 3450 esse
716 3396 822 3449 iustum
845 3397 994 3465 potuisset,
1020 3399 1076 3452 nisi
1095 3398 1131 3452 ab

110 3463 173 3532 ipso
189 3466 297 3520 dictum
312 3469 386 3519 esset
400 3466 539 3537 [FPRp.
550 3472 615 3534 296,
625 3468 710 3539 3B.]:
724 3482 983 3528 inmortales—namn
997 3470 1132 3525 Varronis

93 3535 252 3600 Demeas
267 3539 340 3592 liber
349 3540 466 3608 promus
483 3540 559 3595 brevi
576 3540 615 3595 ad
631 3541 765 3596 Plocium
783 3539 830 3608 <fc
845 3541 891 3608 59]
911 3540 974 3605 (ors
987 3542 1130 3595 laudatur.

77 3602 120 3660 cf
129 3602 341 3678 hatzerim>
362 3610 397 3666 de
415 3615 452 3669 A.
472 3614 542 3672 Geli.
563 3615 636 3684 foai.
649 3631 681 3685 p.
698 3616 743 3669 52.
769 3611 863 3667 Roslcc
875 3611 945 3665 ioco.
963 3614 1007 3664 ac.
1031 3611 1140 3663 Meros·
