2422 3840
465 201 502 255 M.
522 201 631 255 Tullius
649 201 715 256 Tiro
1031 203 1095 266 401

81 367 276 443 ἀπολειφθεὶς
300 369 500 444 διεφύλαττεν.
542 366 670 444 ὀφείλων
690 367 721 429 δὲ
739 369 850 442 πολλὰς
873 369 1021 450 μυριάδας
1038 369 1097 430 ὑπὸ

81 467 141 517 τῶν
155 458 252 533 φίλων
266 456 316 517 καὶ
335 458 451 518 οἰκείων
465 457 590 536 ἐπείσθη
604 457 660 537 τὴν
673 459 767 518 παῖδα
781 468 872 539 νημαι
886 452 952 538 παρ’
970 456 1097 536 ἡλικίαν,
1113 481 1139 520 ιο

80 546 131 606 καὶ
154 547 224 620 τοὺς
247 546 401 619 δανειστὰς
424 545 587 619 ἀπαλλάξαι
610 552 672 618 τοῖς
695 545 810 626 ἐκείνης
833 547 1027 627 χρησάμενον.

154 648 227 701 Plut.
240 648 293 700 Cic.
303 652 335 700 41
352 649 421 697 αὗται
433 645 486 717 γάρ
497 655 554 697 εἰσιν
563 677 582 686 -
590 656 746 716 χρησάμενον.
769 647 804 714 es.
817 646 891 701 Cass.
902 649 1010 713 1)ίο46,
1020 652 1064 713 18,
1072 652 1098 702 3.

153 759 169 806 5
188 752 291 819 εήρωντ
310 771 358 807 em.
377 753 533 821 ASchaeser

532 891 572 945 11
614 891 633 945 4

148 996 183 1049 ut
210 993 247 1050 dc
272 991 411 1051 Cicerone
439 995 505 1068 ipso
533 880 652 1068 loqu[ar],
685 993 785 1051 Hirtio
813 1012 918 1067 nempe
947 996 977 1051 et
999 992 1099 1051 Pansa

81 1082 252 1141 consulibus
286 1075 326 1159 [u.
348 1075 516 1160 711l43]‚
550 1090 584 1140 ut
614 1083 685 1140 Tiro
716 1081 841 1140 libertus
875 1083 938 1140 eius
970 1085 1098 1157 scripsit,

81 1171 209 1246 septimo
232 1171 299 1229 idus
322 1167 542 1248 (Decembres)
565 1172 679 1230 occisus
702 1174 755 1229 est.

157 1270 220 1323 Tac.
236 1270 268 1322 de
286 1276 355 1323 orell.
372 1274 406 1322 17
423 1284 490 1323 utde
505 1283 651 1323 Cicerone-
665 1284 750 1323 occisus
764 1287 804 1323 est.
838 1271 873 1336 cs.
893 1270 967 1324 Plul.
985 1269 1039 1325 Old.
1055 1274 1098 1325 49.

156 1382 168 1428 1
195 1377 256 1443 ipse
282 1375 399 1430 Furues.
499 1383 514 1428 2
541 1376 639 1430 scribit
664 1377 808 1430 Audreseu
905 1381 920 1427 3
947 1375 1097 1445 septimum

87 1449 173 1502 Vatis.
233 1447 298 1499 Dec.
318 1448 382 1501 add.
398 1447 522 1516 Lipsius,
542 1450 670 1502 lacuriuu
688 1448 817 1501 iudicarit
829 1447 908 1501 Leid.
924 1451 992 1500 ru2
1012 1448 1098 1502 Velie.

465 1636 713 1687 ΠΑΝΛΕΚΤΑΙ

90 1787 92 1791 v
156 1751 223 1805 Gell.
240 1755 283 1816 13,
297 1754 356 1816 9,2
375 1748 485 1802 Tullius
499 1748 564 1802 Tiro
584 1781 617 1789 -
636 1749 723 1803 libros
743 1749 894 1818 compluris
909 1780 945 1789 -·
959 1749 994 1804 de
1012 1749 1098 1803 variis

81 1824 168 1890 atque
187 1822 333 1891 promiscis
352 1821 565 1889 quaestionibus
584 1820 749 1889 composuit.
774 1821 804 1873 in
819 1819 863 1873 his
878 1836 938 1874 esse
952 1821 1100 1890 praecipui

80 1892 226 1959 videntur,
251 1911 320 1960 quos
345 1891 451 1946 Graeco
475 1892 558 1945 titulo
581 1889 743 1952 πανδίκτας
769 1891 925 1960 inscripsit,
955 1896 1100 1959 tamquam

82 1981 164 2018 omne
182 1981 275 2017 rerum
293 1967 378 2031 atque
398 1963 589 2016 doctrinarum
612 1980 700 2032 genus
724 1962 902 2016 continentis.
941 1965 1002 2017 licet
1019 1965 1100 2034 culpo

82 2037 250 2089 existimetur
268 2038 300 2089 iu
318 2037 406 2089 uerbis
421 2035 464 2088 ‘de
483 2036 571 2089 uariis
589 2040 669 2103 ulqeu
683 2051 772 2103 prom.
787 2034 900 2103 quaest)
934 2037 993 2089 eius
1011 2037 1101 2103 operis

82 2109 288 2174 iuscriplicuem
303 2108 393 2171 lutere,
412 2108 492 2160 cuius
506 2107 662 2160 Puudectue
676 2122 746 2173 pars
761 2106 876 2171 feceriut,
897 2105 1016 2159 Gellium
1030 2122 1099 2160 com·

77 2179 174 2246 plures
192 2180 335 2246 uariosque
352 2177 464 2231 Tironis
478 2179 561 2231 libros
580 2179 620 2231 ibi
638 2177 841 2246 siquificauisse,
860 2193 894 2230 eu
910 2177 1009 2244 quibus
1023 2179 1099 2231 Pau-

81 2250 173 2303 ἀραίαν
186 2267 238 2318 per
256 2267 283 2303 se
301 2250 414 2315 fueriut,
433 2266 494 2302 curu
508 2249 711 2303 Kreuseluuero
729 2249 866 2302 eouseutio
884 2249 926 2316 (de
947 2248 1014 2302 Geli.
1029 2249 1098 2314 foul.

77 2337 108 2388 p.
130 2323 181 2390 63).
219 2337 275 2375 uou
303 2322 384 2374 aliter
410 2319 558 2374 Suetonius
580 2326 728 2387 postquam
754 2319 866 2373 Aurelii
893 2319 979 2386 Opilii
1004 2321 1100 2374 uariae

82 2393 246 2445 eruditionis
261 2392 365 2460 aliquot
383 2392 524 2445 volumius
543 2392 638 2460 tctipil,
657 2408 745 2444 uuum
763 2407 796 2444 eu
814 2391 857 2444 lu's
872 2391 973 2444 Musas
991 2392 1099 2444 uomiue

82 2464 232 2530 appellauit
245 2465 325 2531 (Aur.
339 2462 517 2532 Opill.fr.1):
533 2468 612 2530 utque
626 2464 681 2529 fuit
698 2462 848 2515 Musarum
859 2468 884 2515 et
895 2461 1100 2515 Puudeciurruu

82 2535 176 2590 euleu
202 2541 313 2588 ustura.
360 2535 443 2586 liuius
470 2534 545 2587 modi
572 2534 762 2600 iuscriptioues
786 2533 828 2586 ud.
856 2548 900 2599 up.
926 2534 1002 2587 Pliu.
1025 2550 1053 2586 u.
1073 2534 1098 2586 lu

81 2606 170 2673 praet.
185 2610 229 2659 24.
261 2605 329 2659 Gell.
340 2606 431 2672 praef.
447 2609 471 2658 6.
500 2605 657 2658 Puudectas
671 2605 812 2670 iuscripsit
828 2605 891 2656 item
905 2603 1006 2657 librum
1019 2621 1104 2657 suurn.

82 2678 238 2730 Dorotheus
256 2676 349 2745 (Cleua
364 2677 443 2729 Alea.
458 2682 549 2728 strom.
566 2681 590 2739 1,
599 2678 645 2740 21,
655 2678 709 2727 133
728 2676 758 2728 ἐν
772 2678 811 2746 τῷ
823 2676 923 2746 πρώτῳ
937 2673 1099 2746 πανδέκτη).

81 2749 192 2802 uumeri
213 2748 364 2817 siuquluris
386 2747 504 2812 forulum
522 2749 553 2800 iu
572 2748 750 2814 inscriptique
768 2744 893 2814 praefert
912 2745 1041 2814 Selopeu,
1067 2747 1099 2799 de

85 2819 209 2872 Tereutio
229 2825 254 2872 et
272 2819 385 2872 Douuto
399 2835 429 2886 p.
446 2822 487 2870 41.

477 2952 520 3008 12
543 2943 576 3027 [4
597 2943 708 3026 Eqper]

150 3059 310 3116 novissime
335 3056 404 3114 Tiro
428 3057 459 3112 in
482 3055 627 3131 pandecte
651 3074 710 3114 non
733 3059 810 3114 recte
835 3057 879 3114 ait
903 3055 970 3128 dici,
995 3055 1100 3112 adicit·

83 3166 142 3222 que
167 3146 246 3221 quod
269 3164 323 3204 sus
347 3145 477 3220 coeperit
500 3146 601 3203 aetate·
622 3144 653 3201 id
677 3144 857 3202 adverbium.

157 3245 237 3298 Char.
256 3262 287 3312 p.
306 3247 370 3308 207,
385 3247 421 3296 30
447 3257 566 3296 novissime
585 3274 612 3280 -
631 3257 771 3307 adverbium
802 3242 853 3295 ubi
881 3241 921 3295 Pl.
949 3240 1038 3310 Caper
1066 3241 1101 3294 de

82 3315 240 3369 latinitate:
267 3315 383 3368 ‘miror'
403 3313 497 3382 inquit
517 3313 562 3365 ‘id
583 3313 687 3366 dixisse
706 3314 862 3378 Tironem’‚
889 3330 952 3367 cum
971 3312 1101 3366 Valerius

82 3387 184 3440 Antias
202 3386 275 3439 libro
293 3385 319 3437 H
337 3386 385 3470 [fr.
401 3391 435 3439 14
449 3385 508 3455 P]:
535 3385 636 3438 ‘mater
654 3401 717 3437 cum
735 3385 886 3438 novissime
905 3385 1092 3458 aegrotamus
1107 3420 1118 3439 q

82 3457 177 3526 inquit
197 3457 315 3510 ‘vovisse
333 3457 444 3521 tertur’3
463 3456 539 3510 idem
559 3455 637 3510 xm
653 3456 705 3528 Ur.
722 3461 760 3511 58
771 3457 836 3528 ΡΧ.
851 3453 953 3521 *quos
968 3449 1138 3500 nouissime

83 3529 226 3582 nobiscum
252 3527 351 3581 foedus
377 3527 540 3584 fecissent’.
580 3530 618 3599 cf.
645 3532 709 3586 Aa.
736 3529 810 3585 Stilo
829 3531 901 3580 'usa
917 3527 967 3576 24·
1006 3512 1096 3627 (3ng
1104 3509 1191 3618 {3qu

71 3603 117 3661 21,
130 3605 151 3650 l
164 3615 221 3650 uon
234 3601 335 3667 paneis
350 3601 457 3673 verbis,
477 3622 610 3676 quorum
628 3604 779 3675 frequens
790 3615 871 3656 usus
884 3595 939 3648 est
952 3599 1042 3641 num

116 3695 285 3737 Grammaticus
299 3701 425 3745 Romanae
441 3708 591 3759 fragmenta.
612 3709 652 3751 ed.
667 3709 816 3749 sermm
912 3683 959 3732 Ἦ)
