2422 3840
123 187 188 252 324
272 186 479 242 Grammaticos
498 186 599 240 astatis
618 185 809 240 Varronianae
827 184 986 256 fragments

192 354 208 402 2
227 348 341 418 imperii
354 350 538 415 tenerumque
552 363 782 418 pogauarumque
796 346 851 399 fuit
865 360 980 401 numero
995 362 1059 399 oum
1073 362 1138 400 cum

120 420 172 474 hec
193 421 280 476 Ocea.
378 426 395 473 4
414 421 602 489 descriptione
627 421 711 475 Votic.
728 419 996 489 Rapia.Lat.1496
1015 418 1138 486 (Dresd.)

120 496 173 545 ma
194 492 280 547 ana.
372 491 429 544 sint
450 491 536 546 Ocea.

191 617 259 685 qaid
277 618 349 671 irater
363 619 513 673 Varronem
531 624 556 672 et
577 618 757 671 Tercatiaaas
775 612 957 676 διδασκαλίας
973 616 1082 668 intersit
1094 614 1138 668 od.

120 689 196 758 apad
214 689 358 754 Delectata,
378 688 431 742 Ra.
452 690 527 743 Mas.
542 692 580 743 20
595 689 689 757 (1865)
700 705 730 757 p.
746 691 846 755 570sq.
860 690 897 740 21
912 687 1004 756 (1866)
1013 704 1049 770 p.
1060 690 1137 754 itaq.

116 759 154 899 Ξῖ.
164 759 305 885 211igrstea,
331 762 464 816 Macares.
483 766 522 816 22
540 761 632 829 (1894)
647 763 755 826 p.176.
792 775 880 826 supra
898 758 943 813 De
960 763 1030 812 actes
1048 774 1137 812 scaea.

593 948 659 1006 308

186 1060 295 1119 Antias
319 1055 377 1139 [55
390 1056 438 1141 R]
462 1065 493 1120 et
511 1061 608 1120 Varro
632 1066 663 1120 et
685 1061 789 1122 Livius
813 1061 924 1120 relatos
948 1079 1010 1120 osso
1035 1054 1139 1139 [paor-

120 1154 162 1208 tos
193 1151 278 1209 iados
314 1145 491 1229 saeculares]
534 1151 728 1228 prodiderunt
765 1150 798 1209 L.
825 1149 937 1209 Marcio
976 1148 1138 1210 Censorino

120 1235 171 1298 M.'
190 1239 316 1298 Manilio
340 1258 411 1301 coss.
434 1243 504 1316 post
526 1241 653 1300 Romam
678 1239 827 1299 conditam
852 1259 930 1298 anno
954 1238 1047 1298 DCV.

193 1338 299 1393 Ceasar.
318 1339 344 1392 d.
365 1357 391 1393 a.
412 1343 505 1407 17,11
530 1353 611 1393 mua·
630 1338 705 1392 enim
728 1356 750 1393 er
768 1353 841 1392 vino
854 1370 882 1379 —
895 1351 961 1392 nov.
1003 1339 1058 1392 ista
1076 1355 1137 1392 cara

118 1410 155 1476 fr.
167 1413 203 1463 70
216 1411 261 1463 De
274 1426 362 1464 scaea.
373 1413 440 1480 erip.
451 1413 587 1466 artissime
600 1412 748 1466 cohaerent.
777 1410 812 1476 cf.
825 1411 974 1476 Cichorias,
990 1409 1136 1464 Corameat.

119 1481 200 1536 Reae.
229 1482 355 1550 (Lipsiae
379 1485 459 1552 1888)
483 1500 512 1550 p.
532 1485 594 1536 421.
634 1487 777 1551 praetereo
805 1483 840 1548 cs.
869 1498 914 1549 ap.
941 1482 1021 1536 Peter
1039 1482 1141 1535 ΗΒΕ

119 1553 153 1607 L.
170 1554 235 1607 Piso
254 1553 290 1619 fr.
305 1557 348 1607 39.
387 1554 436 1608 Ca.
458 1554 525 1609 Geli.
540 1557 585 1608 28.
624 1553 698 1608 Cass.
718 1554 798 1608 Hem.
818 1557 860 1607 39.

191 1665 206 1712 2
226 1662 255 1716 m
272 1658 378 1713 manlio
451 1665 505 1715 δοῖ.
525 1661 649 1717 Damnst.
669 1666 742 1715 cois.
764 1662 850 1715 Vatic.

580 1813 599 1855 *
610 1815 673 1871 309

186 1929 218 1986 in
236 1928 362 1986 theatris
387 1922 478 2007 [ocia]
499 1929 618 1987 tantum
638 1928 776 1987 umbram
794 1929 898 2003 fecero,
921 1928 1001 2003 quod
1020 1930 1137 2004 primus

120 2019 253 2076 omnium
285 2017 399 2076 invenit
432 2015 464 2087 Q.
489 2016 627 2094 CatuluS,
665 2036 731 2076 cum
763 2017 946 2093 Capitolium
978 2017 1136 2076 dedicaret.

121 2106 277 2166 carbasina
305 2106 410 2165 deindo
434 2107 500 2165 vola
523 2106 638 2183 primus
661 2107 692 2164 in
715 2106 834 2167 theatro
860 2105 977 2166 duxisse
1004 2107 1138 2164 traditur

121 2195 264 2255 Lentulus
289 2195 431 2271 Spinther
452 2195 678 2271 Apollinaribus
700 2196 788 2256 ludis.

190 2296 266 2349 Plia.
281 2313 308 2348 a.
319 2294 344 2347 h.
356 2300 399 2360 19,
406 2298 443 2349 23
456 2308 481 2348 in
490 2309 618 2349 rhennn-
627 2309 693 2350 ludis.
711 2312 777 2348 mox
792 2293 895 2348 Caesar
909 2295 1030 2348 dictator
1044 2296 1136 2349 totum

119 2365 210 2419 fomm
229 2365 386 2418 Romanum
405 2365 506 2422 intexit
528 2367 658 2433 viamque
682 2383 790 2420 sacram
809 2366 844 2420 ab
868 2367 950 2421 domo
970 2383 1021 2420 sua
1039 2368 1069 2420 st
1088 2367 1136 2419 cli-

119 2455 183 2490 vum
203 2453 292 2503 usque
311 2436 341 2489 in
356 2435 534 2506 Capitolium,
555 2438 629 2506 quod
649 2455 763 2492 munere
782 2439 844 2506 ipso
863 2436 1033 2508 gladiatorio
1053 2438 1137 2491 mire-

119 2507 205 2562 bilius
224 2508 313 2561 visum
332 2509 456 2562 tradunt.
485 2510 519 2575 cf.
539 2511 596 2564 Dio
615 2514 659 2577 43,
672 2513 718 2576 24,
732 2515 758 2565 2.
793 2511 916 2575 Kettacr,
940 2510 1018 2564 Varr.
1039 2511 1072 2564 de
1089 2512 1135 2564 cit.

118 2597 145 2648 p.
166 2581 201 2634 R.
218 2597 247 2648 p.
264 2585 305 2634 19.
326 2580 437 2648 Kerapf,
453 2581 512 2634 Vol.
534 2582 615 2634 Mara.
631 2598 661 2648 p.
675 2586 720 2637 20.
747 2582 805 2635 Vol.
828 2582 908 2635 Maca.
923 2586 951 2647 2,
964 2586 1024 2647 4,6
1043 2580 1074 2645 Q.
1086 2579 1136 2634 Ca·

119 2650 196 2703 tulus
220 2650 390 2718 Campanam
413 2651 539 2704 imitatus
563 2652 702 2705 luxuriam
725 2653 830 2721 primus
859 2652 1047 2721 spectantium
1073 2669 1136 2706 con-

119 2739 225 2776 sessum
244 2722 368 2776 velorum
386 2722 556 2776 umbraculis
575 2724 654 2779 texit.
685 2725 750 2778 haec
771 2725 911 2779 Cichorias
929 2724 995 2779 ibid.
1017 2724 1138 2779 Varroai

118 2793 240 2848 reddidit
261 2811 318 2848 aaa
340 2810 415 2848 secas
440 2802 520 2863 atque
543 2812 576 2848 ea
598 2813 667 2865 qaae
687 2798 812 2863 murima
834 2813 868 2849 erc
886 2797 982 2851 Pliaio
999 2803 1137 2861 secaretur,

120 2866 152 2920 de
171 2867 270 2934 quibas
288 2867 413 2919 omuibus
431 2867 465 2932 cf.
482 2868 572 2934 praefi
592 2866 630 2920 ad
649 2869 708 2921 libr.
728 2869 773 2922 De
790 2884 877 2922 scaea.
898 2869 966 2937 erip.

193 2979 206 3024 1
226 2972 349 3042 tantum]
368 2974 448 3026 tenta
466 2976 535 3028 coai.
558 2975 690 3044 Maphoff

580 3124 673 3182 *310

186 3230 360 3290 versatilem
375 3225 538 3310 [scaenam]
556 3233 691 3290 fecerunt
705 3232 832 3306 Luculli,
851 3233 1017 3309 argentatis
1032 3233 1136 3291 chora·

119 3321 178 3396 giis
202 3320 233 3378 P.
257 3318 402 3378 Lentulus
426 3320 568 3396 Spinther
591 3320 756 3380 adornavit.

196 3419 254 3473 Vol.
268 3421 347 3473 Max.
358 3424 386 3485 2,
396 3423 422 3485 4,
433 3424 450 3472 6
469 3435 593 3474 versarium
605 3452 627 3461 -
639 3435 763 3474 edomavit.
792 3421 826 3486 cf.
843 3422 971 3483 Mdaaer,
984 3420 1134 3489 Qaedcalcr.

113 3491 139 3542 d.
159 3491 215 3559 Ny.
237 3491 263 3544 d.
284 3492 361 3544 Pae.
375 3508 406 3560 p.
424 3495 485 3545 145.

166 3601 184 3646 1
205 3596 301 3652 luculi
317 3600 411 3657 Lacr.
435 3608 505 3658 rra]
526 3601 628 3657 lucuni
649 3603 750 3657 Bau:
770 3618 819 3653 cru.
839 3600 970 3666 Sincaius
