<?xml version="1.0" encoding="UTF-8"?>
<!DOCTYPE html PUBLIC "-//W3C//DTD XHTML 1.0 Transitional//EN"
    "http://www.w3.org/TR/xhtml1/DTD/xhtml1-transitional.dtd">
<html xmlns="http://www.w3.org/1999/xhtml" xml:lang="en" lang="en">
 <head>
  <title>
</title>
<meta http-equiv="Content-Type" content="text/html;charset=utf-8" />
  <meta name='ocr-system' content='tesseract 3.04.00' />
  <meta name='ocr-capabilities' content='ocr_page ocr_carea ocr_par ocr_line ocrx_word'/>
</head>
<body>
  <div class='ocr_page' id='page_1' title='image "./grammaticaeroma01funagoog_0533.png"; bbox 0 0 2422 3840; ppageno 0'>
   <div class='ocr_carea' id='block_1_1' title="bbox 131 182 983 253">
    <p class='ocr_par' dir='ltr' id='par_1_1' title="bbox 131 182 983 253">
     <span class='ocr_line' id='line_1_1' title="bbox 131 182 983 253; baseline -0.005 -13"><span class='ocrx_word' id='word_1_1' title='bbox 131 182 196 248; x_wconf 83' lang='lat'><strong>498</strong></span> <span class='ocrx_word' id='word_1_2' title='bbox 297 182 503 238; x_wconf 81' lang='lat' dir='ltr'><strong>Grammaticae</strong></span> <span class='ocrx_word' id='word_1_3' title='bbox 522 184 624 237; x_wconf 84' lang='lat' dir='ltr'><strong>aetatis</strong></span> <span class='ocrx_word' id='word_1_4' title='bbox 643 184 805 253; x_wconf 79' lang='lat' dir='ltr'><strong>Augusteae</strong></span> <span class='ocrx_word' id='word_1_5' title='bbox 823 183 983 252; x_wconf 83' lang='lat' dir='ltr'><strong>fragmenta</strong></span> 
     </span>
    </p>
   </div>
   <div class='ocr_carea' id='block_1_2' title="bbox 90 351 1150 2294">
    <p class='ocr_par' dir='ltr' id='par_1_2' title="bbox 90 351 1150 2294">
     <span class='ocr_line' id='line_1_2' title="bbox 133 351 1149 429; baseline 0.002 -20"><span class='ocrx_word' id='word_1_6' title='bbox 133 351 159 409; x_wconf 90' lang='lat' dir='ltr'><strong>ei</strong></span> <span class='ocrx_word' id='word_1_7' title='bbox 182 351 319 409; x_wconf 84' lang='lat' dir='ltr'><strong>reddidit.</strong></span> <span class='ocrx_word' id='word_1_8' title='bbox 366 352 452 410; x_wconf 90' lang='lat' dir='ltr'><strong>Asini</strong></span> <span class='ocrx_word' id='word_1_9' title='bbox 475 351 634 411; x_wconf 88' lang='lat' dir='ltr'><strong>Pollionis:</strong></span> <span class='ocrx_word' id='word_1_10' title='bbox 661 351 766 410; x_wconf 89' lang='lat' dir='ltr'><strong>huius</strong></span> <span class='ocrx_word' id='word_1_11' title='bbox 790 371 873 429; x_wconf 85' lang='lat' dir='ltr'><strong>ergo</strong></span> <span class='ocrx_word' id='word_1_12' title='bbox 896 352 967 410; x_wconf 84' lang='lat' dir='ltr'><strong>viri</strong></span> <span class='ocrx_word' id='word_1_13' title='bbox 991 355 1047 411; x_wconf 89' lang='lat' dir='ltr'><strong>tot</strong></span> <span class='ocrx_word' id='word_1_14' title='bbox 1069 355 1149 411; x_wconf 88' lang='lat' dir='ltr'><strong>tan·</strong></span> 
     </span>
     <span class='ocr_line' id='line_1_3' title="bbox 131 441 1149 516; baseline 0.002 -17"><span class='ocrx_word' id='word_1_15' title='bbox 131 441 251 515; x_wconf 83' lang='lat' dir='ltr'><strong>iisque</strong></span> <span class='ocrx_word' id='word_1_16' title='bbox 288 443 456 515; x_wconf 83' lang='lat' dir='ltr'>operibus</span> <span class='ocrx_word' id='word_1_17' title='bbox 494 444 653 501; x_wconf 84' lang='lat' dir='ltr'><strong>mensuri</strong></span> <span class='ocrx_word' id='word_1_18' title='bbox 684 441 720 499; x_wconf 90' lang='lat' dir='ltr'><strong>in</strong></span> <span class='ocrx_word' id='word_1_19' title='bbox 753 460 851 498; x_wconf 90' lang='lat' dir='ltr'><strong>omne</strong></span> <span class='ocrx_word' id='word_1_20' title='bbox 889 459 1012 501; x_wconf 81' lang='lat' dir='ltr'><strong>aevum</strong></span> <span class='ocrx_word' id='word_1_21' title='bbox 1043 461 1149 516; x_wconf 89' lang='lat' dir='ltr'><strong>prae·</strong></span> 
     </span>
     <span class='ocr_line' id='line_1_4' title="bbox 92 526 1149 607; baseline 0.004 -22"><span class='ocrx_word' id='word_1_22' title='bbox 92 543 117 585; x_wconf 83' lang='lat'><strong>15</strong></span> <span class='ocrx_word' id='word_1_23' title='bbox 132 529 254 587; x_wconf 90' lang='lat' dir='ltr'><strong>dicare</strong></span> <span class='ocrx_word' id='word_1_24' title='bbox 285 531 324 588; x_wconf 91' lang='lat' dir='ltr'><strong>de</strong></span> <span class='ocrx_word' id='word_1_25' title='bbox 356 530 503 607; x_wconf 85' lang='lat' dir='ltr'><strong>ingenio</strong></span> <span class='ocrx_word' id='word_1_26' title='bbox 528 533 635 605; x_wconf 87' lang='lat' dir='ltr'><strong>atque</strong></span> <span class='ocrx_word' id='word_1_27' title='bbox 658 530 842 588; x_wconf 82' lang='lat' dir='ltr'><strong>industria</strong></span> <span class='ocrx_word' id='word_1_28' title='bbox 866 526 1149 607; x_wconf 80' lang='lat' dir='ltr'><strong>superva&lt;ouum</strong></span> 
     </span>
     <span class='ocr_line' id='line_1_5' title="bbox 90 613 1150 696; baseline 0 -18"><span class='ocrx_word' id='word_1_29' title='bbox 90 674 92 678; x_wconf 83' lang='lat'><em>.</em></span> <span class='ocrx_word' id='word_1_30' title='bbox 132 613 214 696; x_wconf 71' lang='lat' dir='ltr'><strong>est).</strong></span> <span class='ocrx_word' id='word_1_31' title='bbox 247 622 378 678; x_wconf 83' lang='lat' dir='ltr'><strong>nature</strong></span> <span class='ocrx_word' id='word_1_32' title='bbox 393 623 510 678; x_wconf 87' lang='lat' dir='ltr'><strong>autem</strong></span> <span class='ocrx_word' id='word_1_33' title='bbox 525 622 632 694; x_wconf 87' lang='lat' dir='ltr'><strong>atque</strong></span> <span class='ocrx_word' id='word_1_34' title='bbox 651 619 799 677; x_wconf 81' lang='lat' dir='ltr'><strong>fortuna</strong></span> <span class='ocrx_word' id='word_1_35' title='bbox 817 620 957 694; x_wconf 88' lang='lat' dir='ltr'><strong>pariter</strong></span> <span class='ocrx_word' id='word_1_36' title='bbox 977 619 1150 678; x_wconf 80' lang='lat' dir='ltr'><strong>obsecuta</strong></span> 
     </span>
     <span class='ocr_line' id='line_1_6' title="bbox 132 707 1149 782; baseline 0.002 -16"><span class='ocrx_word' id='word_1_37' title='bbox 132 709 186 766; x_wconf 92' lang='lat' dir='ltr'><strong>est</strong></span> <span class='ocrx_word' id='word_1_38' title='bbox 218 707 264 782; x_wconf 87' lang='lat' dir='ltr'><strong>ei,</strong></span> <span class='ocrx_word' id='word_1_39' title='bbox 302 710 332 766; x_wconf 93' lang='lat' dir='ltr'><strong>si</strong></span> <span class='ocrx_word' id='word_1_40' title='bbox 365 708 506 782; x_wconf 91' lang='lat' dir='ltr'><strong>quidem</strong></span> <span class='ocrx_word' id='word_1_41' title='bbox 541 709 654 766; x_wconf 87' lang='lat' dir='ltr'><strong>facies</strong></span> <span class='ocrx_word' id='word_1_42' title='bbox 692 708 820 766; x_wconf 85' lang='lat' dir='ltr'><strong>decora</strong></span> <span class='ocrx_word' id='word_1_43' title='bbox 852 707 895 765; x_wconf 89' lang='lat' dir='ltr'><strong>ad</strong></span> <span class='ocrx_word' id='word_1_44' title='bbox 928 710 1149 768; x_wconf 87' lang='lat' dir='ltr'><strong>senectutem</strong></span> 
     </span>
     <span class='ocr_line' id='line_1_7' title="bbox 131 797 1149 872; baseline 0.003 -19"><span class='ocrx_word' id='word_1_45' title='bbox 131 814 375 872; x_wconf 87' lang='lat' dir='ltr'><strong>prosperaque</strong></span> <span class='ocrx_word' id='word_1_46' title='bbox 395 799 594 872; x_wconf 78' lang='lat' dir='ltr'>permansit</span> <span class='ocrx_word' id='word_1_47' title='bbox 612 797 797 870; x_wconf 84' lang='lat' dir='ltr'><strong>valetudo,</strong></span> <span class='ocrx_word' id='word_1_48' title='bbox 816 799 891 855; x_wconf 89' lang='lat' dir='ltr'><strong>tum</strong></span> <span class='ocrx_word' id='word_1_49' title='bbox 908 816 977 872; x_wconf 87' lang='lat' dir='ltr'><strong>pax</strong></span> <span class='ocrx_word' id='word_1_50' title='bbox 991 798 1149 872; x_wconf 85' lang='lat' dir='ltr'><strong>diutina,</strong></span> 
     </span>
     <span class='ocr_line' id='line_1_8' title="bbox 133 885 1148 963; baseline 0.003 -21"><span class='ocrx_word' id='word_1_51' title='bbox 133 885 232 943; x_wconf 89' lang='lat' dir='ltr'><strong>cuius</strong></span> <span class='ocrx_word' id='word_1_52' title='bbox 263 888 464 945; x_wconf 88' lang='lat' dir='ltr'><strong>instructus</strong></span> <span class='ocrx_word' id='word_1_53' title='bbox 493 889 571 945; x_wconf 88' lang='lat' dir='ltr'><strong>erat</strong></span> <span class='ocrx_word' id='word_1_54' title='bbox 599 886 753 958; x_wconf 86' lang='lat' dir='ltr'><strong>artibus,</strong></span> <span class='ocrx_word' id='word_1_55' title='bbox 784 885 949 962; x_wconf 86' lang='lat' dir='ltr'><strong>contigit.</strong></span> <span class='ocrx_word' id='word_1_56' title='bbox 995 906 1148 963; x_wconf 86' lang='lat' dir='ltr'><strong>namque</strong></span> 
     </span>
     <span class='ocr_line' id='line_1_9' title="bbox 92 975 1149 1050; baseline 0.001 -16"><span class='ocrx_word' id='word_1_57' title='bbox 92 995 118 1034; x_wconf 77' lang='lat' dir='ltr'><strong>ro</strong></span> <span class='ocrx_word' id='word_1_58' title='bbox 133 975 175 1033; x_wconf 93' lang='lat' dir='ltr'><strong>ad</strong></span> <span class='ocrx_word' id='word_1_59' title='bbox 203 975 361 1050; x_wconf 78' lang='lat' dir='ltr'><strong>priscam</strong></span> <span class='ocrx_word' id='word_1_60' title='bbox 389 977 622 1033; x_wconf 86' lang='lat' dir='ltr'><strong>severitatem</strong></span> <span class='ocrx_word' id='word_1_61' title='bbox 649 975 796 1033; x_wconf 89' lang='lat' dir='ltr'><strong>iudiciis</strong></span> <span class='ocrx_word' id='word_1_62' title='bbox 828 977 966 1034; x_wconf 75' lang='lat' dir='ltr'><strong>exactis</strong></span> <span class='ocrx_word' id='word_1_63' title='bbox 995 978 1149 1035; x_wconf 86' lang='lat' dir='ltr'><strong>maxima</strong></span> 
     </span>
     <span class='ocr_line' id='line_1_10' title="bbox 132 1064 1148 1139; baseline 0.003 -18"><span class='ocrx_word' id='word_1_64' title='bbox 132 1065 318 1121; x_wconf 85' lang='lat' dir='ltr'><strong>noxiorum</strong></span> <span class='ocrx_word' id='word_1_65' title='bbox 350 1064 546 1122; x_wconf 91' lang='lat' dir='ltr'><strong>multitudo</strong></span> <span class='ocrx_word' id='word_1_66' title='bbox 578 1066 778 1138; x_wconf 83' lang='lat' dir='ltr'><strong>provenit,</strong></span> <span class='ocrx_word' id='word_1_67' title='bbox 813 1082 899 1139; x_wconf 91' lang='lat' dir='ltr'><strong>quos</strong></span> <span class='ocrx_word' id='word_1_68' title='bbox 931 1064 1148 1124; x_wconf 88' lang='lat' dir='ltr'><strong>obstrictos</strong></span> 
     </span>
     <span class='ocr_line' id='line_1_11' title="bbox 132 1142 1149 1228; baseline 0.001 -18"><span class='ocrx_word' id='word_1_69' title='bbox 132 1153 337 1227; x_wconf 88' lang='lat' dir='ltr'><strong>patrocinio</strong></span> <span class='ocrx_word' id='word_1_70' title='bbox 357 1154 554 1211; x_wconf 85' lang='lat' dir='ltr'><strong>incolumes</strong></span> <span class='ocrx_word' id='word_1_71' title='bbox 573 1153 765 1228; x_wconf 90' lang='lat' dir='ltr'><strong>plerosque</strong></span> <span class='ocrx_word' id='word_1_72' title='bbox 784 1153 948 1212; x_wconf 86' lang='lat' dir='ltr'><strong>habebat.</strong></span> <span class='ocrx_word' id='word_1_73' title='bbox 980 1155 1049 1211; x_wconf 91' lang='lat' dir='ltr'><strong>iam</strong></span> <span class='ocrx_word' id='word_1_74' title='bbox 1064 1142 1149 1212; x_wconf 81' lang='lat' dir='ltr'><strong>feli·</strong></span> 
     </span>
     <span class='ocr_line' id='line_1_12' title="bbox 133 1241 1149 1320; baseline 0.001 -21"><span class='ocrx_word' id='word_1_75' title='bbox 133 1241 276 1300; x_wconf 85' lang='lat' dir='ltr'><strong>cissime</strong></span> <span class='ocrx_word' id='word_1_76' title='bbox 314 1242 544 1300; x_wconf 84' lang='lat' dir='ltr'><strong>consulatus</strong></span> <span class='ocrx_word' id='word_1_77' title='bbox 579 1243 610 1298; x_wconf 87' lang='lat' dir='ltr'><strong>ei</strong></span> <span class='ocrx_word' id='word_1_78' title='bbox 642 1260 718 1301; x_wconf 88' lang='lat' dir='ltr'><strong>sors</strong></span> <span class='ocrx_word' id='word_1_79' title='bbox 753 1241 902 1316; x_wconf 89' lang='lat' dir='ltr'><strong>petendi</strong></span> <span class='ocrx_word' id='word_1_80' title='bbox 934 1244 969 1300; x_wconf 90' lang='lat' dir='ltr'><strong>et</strong></span> <span class='ocrx_word' id='word_1_81' title='bbox 1000 1243 1149 1320; x_wconf 86' lang='lat' dir='ltr'><strong>gerendi</strong></span> 
     </span>
     <span class='ocr_line' id='line_1_13' title="bbox 132 1322 1148 1411; baseline 0.002 -24"><span class='ocrx_word' id='word_1_82' title='bbox 132 1323 274 1410; x_wconf 82' lang='lat' dir='ltr'><strong>(magna</strong></span> <span class='ocrx_word' id='word_1_83' title='bbox 297 1349 442 1388; x_wconf 86' lang='lat' dir='ltr'><strong>munera</strong></span> <span class='ocrx_word' id='word_1_84' title='bbox 471 1322 586 1411; x_wconf 79' lang='lat' dir='ltr'><strong>deum)</strong></span> <span class='ocrx_word' id='word_1_85' title='bbox 616 1330 769 1389; x_wconf 90' lang='lat' dir='ltr'><strong>oonsilio</strong></span> <span class='ocrx_word' id='word_1_86' title='bbox 797 1330 1051 1405; x_wconf 76' lang='lat' dir='ltr'><strong>industri-aque</strong></span> <span class='ocrx_word' id='word_1_87' title='bbox 1075 1334 1148 1390; x_wconf 89' lang='lat' dir='ltr'><strong>uti·</strong></span> 
     </span>
     <span class='ocr_line' id='line_1_14' title="bbox 92 1419 1149 1480; baseline -0.001 0"><span class='ocrx_word' id='word_1_88' title='bbox 92 1439 210 1480; x_wconf 74' lang='lat' dir='ltr'><strong>ccnem</strong></span> <span class='ocrx_word' id='word_1_89' title='bbox 233 1419 456 1478; x_wconf 73' lang='lat' dir='ltr'><strong>moderatius</strong></span> <span class='ocrx_word' id='word_1_90' title='bbox 488 1419 660 1478; x_wconf 87' lang='lat' dir='ltr'><strong>secundas</strong></span> <span class='ocrx_word' id='word_1_91' title='bbox 683 1437 738 1477; x_wconf 92' lang='lat' dir='ltr'><strong>res</strong></span> <span class='ocrx_word' id='word_1_92' title='bbox 763 1422 797 1477; x_wconf 90' lang='lat' dir='ltr'><strong>et</strong></span> <span class='ocrx_word' id='word_1_93' title='bbox 819 1421 953 1479; x_wconf 88' lang='lat' dir='ltr'><strong>fortius</strong></span> <span class='ocrx_word' id='word_1_94' title='bbox 978 1420 1149 1479; x_wconf 85' lang='lat' dir='ltr'><strong>adversas</strong></span> 
     </span>
     <span class='ocr_line' id='line_1_15' title="bbox 131 1509 1150 1584; baseline 0.002 -18"><span class='ocrx_word' id='word_1_95' title='bbox 131 1509 226 1566; x_wconf 85' lang='lat' dir='ltr'><strong>ferre</strong></span> <span class='ocrx_word' id='word_1_96' title='bbox 248 1509 445 1583; x_wconf 84' lang='lat' dir='ltr'><strong>potuisset!</strong></span> <span class='ocrx_word' id='word_1_97' title='bbox 481 1527 632 1584; x_wconf 88' lang='lat' dir='ltr'><strong>namque</strong></span> <span class='ocrx_word' id='word_1_98' title='bbox 653 1511 828 1582; x_wconf 87' lang='lat' dir='ltr'><strong>utraeque</strong></span> <span class='ocrx_word' id='word_1_99' title='bbox 852 1528 928 1566; x_wconf 88' lang='lat' dir='ltr'><strong>cum</strong></span> <span class='ocrx_word' id='word_1_100' title='bbox 952 1513 1150 1568; x_wconf 87' lang='lat' dir='ltr'><strong>evenerant</strong></span> 
     </span>
     <span class='ocr_line' id='line_1_16' title="bbox 133 1596 1148 1672; baseline 0.003 -19"><span class='ocrx_word' id='word_1_101' title='bbox 133 1597 179 1670; x_wconf 87' lang='lat' dir='ltr'><strong>ei,</strong></span> <span class='ocrx_word' id='word_1_102' title='bbox 207 1598 340 1655; x_wconf 81' lang='lat' dir='ltr'><strong>mutari</strong></span> <span class='ocrx_word' id='word_1_103' title='bbox 368 1616 426 1655; x_wconf 89' lang='lat' dir='ltr'><strong>eas</strong></span> <span class='ocrx_word' id='word_1_104' title='bbox 454 1616 522 1656; x_wconf 91' lang='lat' dir='ltr'><strong>non</strong></span> <span class='ocrx_word' id='word_1_105' title='bbox 550 1615 654 1672; x_wconf 90' lang='lat' dir='ltr'><strong>posse</strong></span> <span class='ocrx_word' id='word_1_106' title='bbox 681 1598 837 1655; x_wconf 83' lang='lat' dir='ltr'><strong>rebatur.</strong></span> <span class='ocrx_word' id='word_1_107' title='bbox 879 1596 961 1656; x_wconf 86' lang='lat' dir='ltr'><strong>inde</strong></span> <span class='ocrx_word' id='word_1_108' title='bbox 990 1601 1073 1656; x_wconf 90' lang='lat' dir='ltr'><strong>sunt</strong></span> <span class='ocrx_word' id='word_1_109' title='bbox 1096 1600 1148 1656; x_wconf 90' lang='lat' dir='ltr'><strong>in·</strong></span> 
     </span>
     <span class='ocr_line' id='line_1_17' title="bbox 132 1685 1148 1762; baseline 0.001 -18"><span class='ocrx_word' id='word_1_110' title='bbox 132 1685 253 1744; x_wconf 86' lang='lat' dir='ltr'><strong>vidiae</strong></span> <span class='ocrx_word' id='word_1_111' title='bbox 276 1689 512 1762; x_wconf 88' lang='lat' dir='ltr'><strong>tempestates</strong></span> <span class='ocrx_word' id='word_1_112' title='bbox 531 1690 677 1745; x_wconf 80' lang='lat' dir='ltr'><strong>coortae</strong></span> <span class='ocrx_word' id='word_1_113' title='bbox 696 1703 823 1761; x_wconf 84' lang='lat' dir='ltr'><strong>graves</strong></span> <span class='ocrx_word' id='word_1_114' title='bbox 846 1687 883 1744; x_wconf 88' lang='lat' dir='ltr'><strong>in</strong></span> <span class='ocrx_word' id='word_1_115' title='bbox 902 1706 977 1744; x_wconf 90' lang='lat' dir='ltr'><strong>eum</strong></span> <span class='ocrx_word' id='word_1_116' title='bbox 997 1688 1148 1746; x_wconf 89' lang='lat' dir='ltr'><strong>certior·</strong></span> 
     </span>
     <span class='ocr_line' id='line_1_18' title="bbox 92 1772 1148 1852; baseline 0.005 -22"><span class='ocrx_word' id='word_1_117' title='bbox 92 1772 94 1776; x_wconf 77' lang='grc'><strong>’</strong></span> <span class='ocrx_word' id='word_1_118' title='bbox 134 1793 198 1849; x_wconf 88' lang='lat' dir='ltr'><strong>que</strong></span> <span class='ocrx_word' id='word_1_119' title='bbox 231 1774 390 1832; x_wconf 90' lang='lat' dir='ltr'><strong>inimicis</strong></span> <span class='ocrx_word' id='word_1_120' title='bbox 428 1774 663 1852; x_wconf 84' lang='lat' dir='ltr'><strong>adgrediendi</strong></span> <span class='ocrx_word' id='word_1_121' title='bbox 698 1774 853 1848; x_wconf 80' lang='lat' dir='ltr'><strong>fiducia3</strong></span> <span class='ocrx_word' id='word_1_122' title='bbox 889 1776 1023 1834; x_wconf 86' lang='lat' dir='ltr'><strong>maiore</strong></span> <span class='ocrx_word' id='word_1_123' title='bbox 1056 1777 1148 1835; x_wconf 87' lang='lat' dir='ltr'><strong>enim</strong></span> 
     </span>
     <span class='ocr_line' id='line_1_19' title="bbox 91 1863 1149 1941; baseline -0.002 -17"><span class='ocrx_word' id='word_1_124' title='bbox 91 1884 118 1924; x_wconf 79' lang='lat' dir='ltr'><strong>ao</strong></span> <span class='ocrx_word' id='word_1_125' title='bbox 133 1863 338 1922; x_wconf 88' lang='lat' dir='ltr'><strong>simultates</strong></span> <span class='ocrx_word' id='word_1_126' title='bbox 377 1864 571 1938; x_wconf 82' lang='lat' dir='ltr'><strong>adpetebat</strong></span> <span class='ocrx_word' id='word_1_127' title='bbox 604 1864 720 1921; x_wconf 88' lang='lat' dir='ltr'><strong>animo</strong></span> <span class='ocrx_word' id='word_1_128' title='bbox 755 1882 858 1938; x_wconf 82' lang='lat' dir='ltr'><strong>quam</strong></span> <span class='ocrx_word' id='word_1_129' title='bbox 885 1865 1042 1941; x_wconf 83' lang='lat' dir='ltr'><strong>gerebat.</strong></span> <span class='ocrx_word' id='word_1_130' title='bbox 1088 1865 1149 1924; x_wconf 90' lang='lat' dir='ltr'><strong>sed</strong></span> 
     </span>
     <span class='ocr_line' id='line_1_20' title="bbox 133 1951 1149 2031; baseline 0.003 -22"><span class='ocrx_word' id='word_1_131' title='bbox 133 1951 273 2026; x_wconf 89' lang='lat' dir='ltr'><strong>quando</strong></span> <span class='ocrx_word' id='word_1_132' title='bbox 301 1954 510 2011; x_wconf 85' lang='lat' dir='ltr'><strong>mortalium</strong></span> <span class='ocrx_word' id='word_1_133' title='bbox 532 1952 627 2010; x_wconf 88' lang='lat' dir='ltr'><strong>nulli</strong></span> <span class='ocrx_word' id='word_1_134' title='bbox 651 1955 768 2011; x_wconf 81' lang='lat' dir='ltr'><strong>virtus</strong></span> <span class='ocrx_word' id='word_1_135' title='bbox 791 1954 954 2027; x_wconf 86' lang='lat' dir='ltr'><strong>perfecta</strong></span> <span class='ocrx_word' id='word_1_136' title='bbox 978 1955 1149 2031; x_wconf 82' lang='lat' dir='ltr'><strong>contigit,</strong></span> 
     </span>
     <span class='ocr_line' id='line_1_21' title="bbox 132 2040 1147 2117; baseline 0.003 -19"><span class='ocrx_word' id='word_1_137' title='bbox 132 2060 201 2117; x_wconf 90' lang='lat' dir='ltr'><strong>qua</strong></span> <span class='ocrx_word' id='word_1_138' title='bbox 219 2041 331 2099; x_wconf 87' lang='lat' dir='ltr'><strong>maior</strong></span> <span class='ocrx_word' id='word_1_139' title='bbox 349 2061 431 2117; x_wconf 90' lang='lat' dir='ltr'><strong>pars</strong></span> <span class='ocrx_word' id='word_1_140' title='bbox 450 2042 548 2100; x_wconf 80' lang='lat' dir='ltr'><strong>vitae</strong></span> <span class='ocrx_word' id='word_1_141' title='bbox 568 2044 675 2116; x_wconf 88' lang='lat' dir='ltr'><strong>atque</strong></span> <span class='ocrx_word' id='word_1_142' title='bbox 694 2040 834 2117; x_wconf 84' lang='lat' dir='ltr'><strong>ingenii</strong></span> <span class='ocrx_word' id='word_1_143' title='bbox 853 2042 973 2116; x_wconf 84' lang='lat' dir='ltr'><strong>stetit,</strong></span> <span class='ocrx_word' id='word_1_144' title='bbox 995 2062 1035 2101; x_wconf 88' lang='lat' dir='ltr'><strong>ea</strong></span> <span class='ocrx_word' id='word_1_145' title='bbox 1053 2042 1147 2101; x_wconf 92' lang='lat' dir='ltr'><strong>iudi-</strong></span> 
     </span>
     <span class='ocr_line' id='line_1_22' title="bbox 132 2130 1149 2206; baseline 0.001 -18"><span class='ocrx_word' id='word_1_146' title='bbox 132 2130 281 2188; x_wconf 84' lang='lat' dir='ltr'><strong>candum</strong></span> <span class='ocrx_word' id='word_1_147' title='bbox 308 2130 348 2187; x_wconf 85' lang='lat' dir='ltr'><strong>dc</strong></span> <span class='ocrx_word' id='word_1_148' title='bbox 376 2131 516 2189; x_wconf 90' lang='lat' dir='ltr'><strong>homine</strong></span> <span class='ocrx_word' id='word_1_149' title='bbox 544 2133 606 2188; x_wconf 89' lang='lat' dir='ltr'><strong>est.</strong></span> <span class='ocrx_word' id='word_1_150' title='bbox 655 2132 762 2204; x_wconf 87' lang='lat' dir='ltr'><strong>atque</strong></span> <span class='ocrx_word' id='word_1_151' title='bbox 793 2149 855 2206; x_wconf 86' lang='lat' dir='ltr'><strong>ego</strong></span> <span class='ocrx_word' id='word_1_152' title='bbox 884 2150 925 2189; x_wconf 90' lang='lat' dir='ltr'><strong>ne</strong></span> <span class='ocrx_word' id='word_1_153' title='bbox 953 2132 1149 2189; x_wconf 83' lang='lat' dir='ltr'><strong>miserendi</strong></span> 
     </span>
     <span class='ocr_line' id='line_1_23' title="bbox 133 2218 1148 2294; baseline 0.003 -18"><span class='ocrx_word' id='word_1_154' title='bbox 133 2219 275 2293; x_wconf 86' lang='lat' dir='ltr'><strong>quidem</strong></span> <span class='ocrx_word' id='word_1_155' title='bbox 293 2219 412 2278; x_wconf 88' lang='lat' dir='ltr'><strong>exitus</strong></span> <span class='ocrx_word' id='word_1_156' title='bbox 432 2239 508 2277; x_wconf 91' lang='lat' dir='ltr'><strong>eum</strong></span> <span class='ocrx_word' id='word_1_157' title='bbox 526 2219 640 2277; x_wconf 86' lang='lat' dir='ltr'><strong>fuisse</strong></span> <span class='ocrx_word' id='word_1_158' title='bbox 658 2218 868 2293; x_wconf 85' lang='lat' dir='ltr'><strong>iudicarem,</strong></span> <span class='ocrx_word' id='word_1_159' title='bbox 889 2219 961 2278; x_wconf 87' lang='lat' dir='ltr'><strong>nisi</strong></span> <span class='ocrx_word' id='word_1_160' title='bbox 980 2220 1057 2294; x_wconf 89' lang='lat' dir='ltr'><strong>ipse</strong></span> <span class='ocrx_word' id='word_1_161' title='bbox 1076 2227 1148 2279; x_wconf 88' lang='lat' dir='ltr'><strong>tam</strong></span> 
     </span>
    </p>
   </div>
   <div class='ocr_carea' id='block_1_3' title="bbox 91 2309 760 2382">
    <p class='ocr_par' dir='ltr' id='par_1_3' title="bbox 91 2309 760 2382">
     <span class='ocr_line' id='line_1_24' title="bbox 91 2309 760 2382; baseline -0.006 -13"><span class='ocrx_word' id='word_1_162' title='bbox 91 2329 117 2369; x_wconf 77' lang='lat' dir='ltr'><strong>es</strong></span> <span class='ocrx_word' id='word_1_163' title='bbox 131 2309 296 2366; x_wconf 88' lang='lat' dir='ltr'><strong>miseram</strong></span> <span class='ocrx_word' id='word_1_164' title='bbox 320 2311 467 2367; x_wconf 90' lang='lat' dir='ltr'><strong>mortem</strong></span> <span class='ocrx_word' id='word_1_165' title='bbox 490 2311 664 2382; x_wconf 87' lang='lat' dir='ltr'><strong>putasset.</strong></span> <span class='ocrx_word' id='word_1_166' title='bbox 752 2348 760 2365; x_wconf 84' lang='lat'><em>.</em></span> 
     </span>
    </p>
   </div>
   <div class='ocr_carea' id='block_1_4' title="bbox 131 2388 1151 2672">
    <p class='ocr_par' dir='ltr' id='par_1_4' title="bbox 131 2388 1151 2672">
     <span class='ocr_line' id='line_1_25' title="bbox 204 2388 1149 2460; baseline 0.002 -18"><span class='ocrx_word' id='word_1_167' title='bbox 204 2388 265 2442; x_wconf 75' lang='lat' dir='ltr'><strong>Seii.</strong></span> <span class='ocrx_word' id='word_1_168' title='bbox 279 2406 352 2443; x_wconf 72' lang='lat' dir='ltr'><strong>sicas.</strong></span> <span class='ocrx_word' id='word_1_169' title='bbox 369 2395 395 2455; x_wconf 76' lang='lat'><strong>6,</strong></span> <span class='ocrx_word' id='word_1_170' title='bbox 406 2394 440 2443; x_wconf 76' lang='grc'><strong>14</strong></span> <span class='ocrx_word' id='word_1_171' title='bbox 458 2403 564 2451; x_wconf 78' lang='lat' dir='ltr'><strong>quoniam</strong></span> <span class='ocrx_word' id='word_1_172' title='bbox 581 2403 606 2442; x_wconf 89' lang='lat' dir='ltr'><strong>in</strong></span> <span class='ocrx_word' id='word_1_173' title='bbox 619 2403 678 2442; x_wconf 83' lang='lat' dir='ltr'><strong>hanc</strong></span> <span class='ocrx_word' id='word_1_174' title='bbox 692 2421 719 2427; x_wconf 94' lang='lat'><em>-</em></span> <span class='ocrx_word' id='word_1_175' title='bbox 732 2404 858 2450; x_wconf 81' lang='lat' dir='ltr'><strong>permansit.</strong></span> <span class='ocrx_word' id='word_1_176' title='bbox 872 2421 899 2427; x_wconf 94' lang='lat'><em>-</em></span> <span class='ocrx_word' id='word_1_177' title='bbox 916 2389 974 2460; x_wconf 84' lang='grc'><strong><em>[15]</em></strong></span> <span class='ocrx_word' id='word_1_178' title='bbox 994 2404 1149 2452; x_wconf 80' lang='lat' dir='ltr'><strong>adieceratque</strong></span> 
     </span>
     <span class='ocr_line' id='line_1_26' title="bbox 131 2460 1151 2531; baseline 0.001 -18"><span class='ocrx_word' id='word_1_179' title='bbox 131 2492 158 2498; x_wconf 96' lang='lat'><em>-</em></span> <span class='ocrx_word' id='word_1_180' title='bbox 177 2485 243 2514; x_wconf 80' lang='lat' dir='ltr'><strong>ausus</strong></span> <span class='ocrx_word' id='word_1_181' title='bbox 266 2475 299 2514; x_wconf 81' lang='lat' dir='ltr'><strong>sit.</strong></span> <span class='ocrx_word' id='word_1_182' title='bbox 318 2492 344 2499; x_wconf 94' lang='lat'><em>-</em></span> <span class='ocrx_word' id='word_1_183' title='bbox 363 2460 422 2531; x_wconf 77' lang='lat'><strong><em>[24]</em></strong></span> <span class='ocrx_word' id='word_1_184' title='bbox 443 2475 518 2531; x_wconf 86' lang='lat' dir='ltr'><strong>¹Pollio</strong></span> <span class='ocrx_word' id='word_1_185' title='bbox 541 2485 629 2522; x_wconf 85' lang='lat' dir='ltr'><strong>quoquc</strong></span> <span class='ocrx_word' id='word_1_186' title='bbox 647 2492 673 2498; x_wconf 95' lang='lat'><em>-</em></span> <span class='ocrx_word' id='word_1_187' title='bbox 691 2477 795 2522; x_wconf 80' lang='lat' dir='ltr'><strong>putasset.</strong></span> <span class='ocrx_word' id='word_1_188' title='bbox 841 2461 873 2514; x_wconf 75' lang='lat' dir='ltr'><strong>de</strong></span> <span class='ocrx_word' id='word_1_189' title='bbox 896 2462 997 2515; x_wconf 72' lang='lat' dir='ltr'><strong>Asinio</strong></span> <span class='ocrx_word' id='word_1_190' title='bbox 1020 2463 1151 2530; x_wconf 66' lang='lat' dir='ltr'><strong>Appiani</strong></span> 
     </span>
     <span class='ocr_line' id='line_1_27' title="bbox 132 2531 1149 2599; baseline 0.001 -14"><span class='ocrx_word' id='word_1_191' title='bbox 132 2532 166 2599; x_wconf 85' lang='lat' dir='ltr'><strong>(b.</strong></span> <span class='ocrx_word' id='word_1_192' title='bbox 182 2548 202 2585; x_wconf 88' lang='lat' dir='ltr'><strong>c.</strong></span> <span class='ocrx_word' id='word_1_193' title='bbox 222 2535 249 2597; x_wconf 83' lang='lat'><strong>2,</strong></span> <span class='ocrx_word' id='word_1_194' title='bbox 264 2535 309 2599; x_wconf 88' lang='lat'><strong>15)</strong></span> <span class='ocrx_word' id='word_1_195' title='bbox 333 2537 441 2585; x_wconf 81' lang='lat' dir='ltr'><strong>auctore</strong></span> <span class='ocrx_word' id='word_1_196' title='bbox 459 2533 494 2597; x_wconf 87' lang='lat' dir='ltr'><strong>cf.</strong></span> <span class='ocrx_word' id='word_1_197' title='bbox 514 2533 593 2585; x_wconf 83' lang='lat' dir='ltr'><strong>Peter</strong></span> <span class='ocrx_word' id='word_1_198' title='bbox 607 2548 637 2599; x_wconf 76' lang='lat' dir='ltr'><strong>p.</strong></span> <span class='ocrx_word' id='word_1_199' title='bbox 654 2531 830 2585; x_wconf 89' lang='lat' dir='ltr'><strong><em>LXXXXI.</em></strong></span> <span class='ocrx_word' id='word_1_200' title='bbox 867 2534 891 2585; x_wconf 83' lang='lat' dir='ltr'><strong>is</strong></span> <span class='ocrx_word' id='word_1_201' title='bbox 910 2534 992 2585; x_wconf 82' lang='lat' dir='ltr'><strong>etiam</strong></span> <span class='ocrx_word' id='word_1_202' title='bbox 1011 2533 1149 2588; x_wconf 76' lang='lat' dir='ltr'><strong>Ciceronis</strong></span> 
     </span>
     <span class='ocr_line' id='line_1_28' title="bbox 132 2603 1147 2672; baseline 0.001 -15"><span class='ocrx_word' id='word_1_203' title='bbox 132 2604 267 2657; x_wconf 76' lang='lat' dir='ltr'><strong>orationis</strong></span> <span class='ocrx_word' id='word_1_204' title='bbox 284 2604 354 2655; x_wconf 80' lang='lat' dir='ltr'><strong>vitia</strong></span> <span class='ocrx_word' id='word_1_205' title='bbox 373 2604 557 2671; x_wconf 68' lang='lat' dir='ltr'><strong>correptoribus</strong></span> <span class='ocrx_word' id='word_1_206' title='bbox 575 2604 641 2656; x_wconf 82' lang='lat' dir='ltr'><strong>locis</strong></span> <span class='ocrx_word' id='word_1_207' title='bbox 659 2603 797 2657; x_wconf 72' lang='lat' dir='ltr'><strong>insecutus</strong></span> <span class='ocrx_word' id='word_1_208' title='bbox 815 2610 853 2656; x_wconf 83' lang='lat' dir='ltr'><strong>cst</strong></span> <span class='ocrx_word' id='word_1_209' title='bbox 871 2603 1147 2672; x_wconf 70' lang='lat' dir='ltr'><strong>(Quint.12‚1,22).</strong></span> 
     </span>
    </p>
   </div>
   <div class='ocr_carea' id='block_1_5' title="bbox 131 2691 1149 3329">
    <p class='ocr_par' dir='ltr' id='par_1_5' title="bbox 131 2691 1149 3329">
     <span class='ocr_line' id='line_1_29' title="bbox 204 2691 1149 2762; baseline 0.004 -20"><span class='ocrx_word' id='word_1_210' title='bbox 204 2696 219 2742; x_wconf 86' lang='grc'>3</span> <span class='ocrx_word' id='word_1_211' title='bbox 237 2691 305 2756; x_wconf 88' lang='lat' dir='ltr'><strong>quin</strong></span> <span class='ocrx_word' id='word_1_212' title='bbox 319 2692 340 2742; x_wconf 93' lang='lat' dir='ltr'><strong><em>I</em></strong></span> <span class='ocrx_word' id='word_1_213' title='bbox 342 2691 542 2745; x_wconf 79' lang='lat' dir='ltr'><strong>FGrorrocius:</strong></span> <span class='ocrx_word' id='word_1_214' title='bbox 558 2708 612 2757; x_wconf 90' lang='lat' dir='ltr'><strong>que</strong></span> <span class='ocrx_word' id='word_1_215' title='bbox 685 2696 796 2758; x_wconf 81' lang='lat' dir='ltr'><strong>tposse</strong></span> <span class='ocrx_word' id='word_1_216' title='bbox 811 2707 874 2744; x_wconf 87' lang='lat' dir='ltr'><strong>eum</strong></span> <span class='ocrx_word' id='word_1_217' title='bbox 890 2693 1024 2762; x_wconf 71' lang='lat' dir='ltr'><strong>Kiessiirry</strong></span> <span class='ocrx_word' id='word_1_218' title='bbox 1038 2709 1149 2761; x_wconf 84' lang='lat' dir='ltr'><strong>possem</strong></span> 
     </span>
     <span class='ocr_line' id='line_1_30' title="bbox 132 2761 1148 2829; baseline 0.001 -13"><span class='ocrx_word' id='word_1_219' title='bbox 132 2764 173 2816; x_wconf 83' lang='lat' dir='ltr'><strong>oei</strong></span> <span class='ocrx_word' id='word_1_220' title='bbox 195 2778 277 2829; x_wconf 84' lang='lat' dir='ltr'><strong>poseo</strong></span> <span class='ocrx_word' id='word_1_221' title='bbox 302 2762 377 2815; x_wconf 79' lang='lat' dir='ltr'><strong>codd.</strong></span> <span class='ocrx_word' id='word_1_222' title='bbox 452 2767 466 2813; x_wconf 83' lang='lat'><strong>‘1</strong></span> <span class='ocrx_word' id='word_1_223' title='bbox 491 2761 578 2814; x_wconf 80' lang='lat' dir='ltr'><strong>ediec.</strong></span> <span class='ocrx_word' id='word_1_224' title='bbox 600 2761 824 2816; x_wconf 81' lang='lat' dir='ltr'><strong>OFWMuciier:</strong></span> <span class='ocrx_word' id='word_1_225' title='bbox 849 2765 997 2829; x_wconf 88' lang='lat' dir='ltr'><strong>ceteraque</strong></span> <span class='ocrx_word' id='word_1_226' title='bbox 1069 2765 1103 2816; x_wconf 90' lang='lat' dir='ltr'><strong>ut</strong></span> <span class='ocrx_word' id='word_1_227' title='bbox 1125 2781 1148 2817; x_wconf 90' lang='lat' dir='ltr'><strong>c.</strong></span> 
     </span>
     <span class='ocr_line' id='line_1_31' title="bbox 134 2832 1147 2904; baseline 0.004 -19"><span class='ocrx_word' id='word_1_228' title='bbox 134 2832 305 2886; x_wconf 76' lang='lat' dir='ltr'><strong>CFWMue.</strong></span> <span class='ocrx_word' id='word_1_229' title='bbox 320 2834 353 2884; x_wconf 92' lang='lat' dir='ltr'><strong>ut</strong></span> <span class='ocrx_word' id='word_1_230' title='bbox 366 2832 421 2885; x_wconf 89' lang='lat' dir='ltr'><strong>tibi</strong></span> <span class='ocrx_word' id='word_1_231' title='bbox 431 2834 506 2887; x_wconf 81' lang='lat' dir='ltr'><strong>codd.</strong></span> <span class='ocrx_word' id='word_1_232' title='bbox 523 2836 556 2886; x_wconf 89' lang='lat' dir='ltr'><strong>ut</strong></span> <span class='ocrx_word' id='word_1_233' title='bbox 569 2832 610 2885; x_wconf 90' lang='lat' dir='ltr'><strong>ibi</strong></span> <span class='ocrx_word' id='word_1_234' title='bbox 625 2833 660 2885; x_wconf 92' lang='lat' dir='ltr'><em>H</em></span> <span class='ocrx_word' id='word_1_235' title='bbox 662 2834 781 2887; x_wconf 79' lang='lat' dir='ltr'><strong>Mueller</strong></span> <span class='ocrx_word' id='word_1_236' title='bbox 849 2839 881 2886; x_wconf 81' lang='lat'><strong>13</strong></span> <span class='ocrx_word' id='word_1_237' title='bbox 896 2833 1002 2888; x_wconf 88' lang='lat' dir='ltr'><strong>redidit</strong></span> <span class='ocrx_word' id='word_1_238' title='bbox 1016 2835 1147 2904; x_wconf 77' lang='lat' dir='ltr'><strong>Antocrp.</strong></span> 
     </span>
     <span class='ocr_line' id='line_1_32' title="bbox 131 2903 1148 2973; baseline 0.005 -17"><span class='ocrx_word' id='word_1_239' title='bbox 131 2903 226 2956; x_wconf 84' lang='lat' dir='ltr'><strong>reddit</strong></span> <span class='ocrx_word' id='word_1_240' title='bbox 250 2906 306 2957; x_wconf 83' lang='lat' dir='ltr'><strong>rcii.</strong></span> <span class='ocrx_word' id='word_1_241' title='bbox 382 2911 415 2957; x_wconf 77' lang='lat'><strong>14</strong></span> <span class='ocrx_word' id='word_1_242' title='bbox 442 2904 593 2958; x_wconf 84' lang='lat' dir='ltr'><strong>mansuris:</strong></span> <span class='ocrx_word' id='word_1_243' title='bbox 622 2921 669 2958; x_wconf 82' lang='lat' dir='ltr'><strong>cru.</strong></span> <span class='ocrx_word' id='word_1_244' title='bbox 696 2905 824 2958; x_wconf 75' lang='lat' dir='ltr'><strong>Bursian</strong></span> <span class='ocrx_word' id='word_1_245' title='bbox 896 2910 930 2957; x_wconf 82' lang='lat'><strong>15</strong></span> <span class='ocrx_word' id='word_1_246' title='bbox 956 2921 1098 2973; x_wconf 80' lang='lat' dir='ltr'><strong>supervac.</strong></span> <span class='ocrx_word' id='word_1_247' title='bbox 1125 2923 1148 2961; x_wconf 90' lang='lat' dir='ltr'><strong>e.</strong></span> 
     </span>
     <span class='ocr_line' id='line_1_33' title="bbox 133 2974 1148 3044; baseline 0 -15"><span class='ocrx_word' id='word_1_248' title='bbox 133 2974 235 3029; x_wconf 78' lang='lat' dir='ltr'><strong>Schoii:</strong></span> <span class='ocrx_word' id='word_1_249' title='bbox 263 2974 383 3043; x_wconf 85' lang='lat' dir='ltr'><strong>superba</strong></span> <span class='ocrx_word' id='word_1_250' title='bbox 457 2980 489 3028; x_wconf 88' lang='lat'><strong>18</strong></span> <span class='ocrx_word' id='word_1_251' title='bbox 515 2979 582 3029; x_wconf 88' lang='lat' dir='ltr'><strong>tunc</strong></span> <span class='ocrx_word' id='word_1_252' title='bbox 655 2979 689 3028; x_wconf 80' lang='lat'><strong>20</strong></span> <span class='ocrx_word' id='word_1_253' title='bbox 715 2991 732 3027; x_wconf 84' lang='lat' dir='ltr'><strong>a</strong></span> <span class='ocrx_word' id='word_1_254' title='bbox 754 2976 848 3044; x_wconf 86' lang='lat' dir='ltr'><strong>prisca</strong></span> <span class='ocrx_word' id='word_1_255' title='bbox 871 2975 1020 3030; x_wconf 85' lang='lat' dir='ltr'><strong>severitate</strong></span> <span class='ocrx_word' id='word_1_256' title='bbox 1046 2977 1148 3031; x_wconf 85' lang='lat' dir='ltr'><strong>iudicis</strong></span> 
     </span>
     <span class='ocr_line' id='line_1_34' title="bbox 133 3044 1149 3119; baseline 0.005 -21"><span class='ocrx_word' id='word_1_257' title='bbox 133 3044 225 3098; x_wconf 86' lang='lat' dir='ltr'><strong>exacti</strong></span> <span class='ocrx_word' id='word_1_258' title='bbox 239 3045 424 3098; x_wconf 85' lang='lat' dir='ltr'><strong>maximorum</strong></span> <span class='ocrx_word' id='word_1_259' title='bbox 438 3062 514 3099; x_wconf 86' lang='lat' dir='ltr'><strong>nox.:</strong></span> <span class='ocrx_word' id='word_1_260' title='bbox 535 3064 582 3100; x_wconf 84' lang='lat' dir='ltr'><strong>em.</strong></span> <span class='ocrx_word' id='word_1_261' title='bbox 599 3046 756 3100; x_wconf 75' lang='lat' dir='ltr'><strong>Gronovius</strong></span> <span class='ocrx_word' id='word_1_262' title='bbox 823 3052 857 3098; x_wconf 78' lang='lat'><strong>24</strong></span> <span class='ocrx_word' id='word_1_263' title='bbox 874 3049 1081 3102; x_wconf 79' lang='lat' dir='ltr'><strong>erciomaiionis</strong></span> <span class='ocrx_word' id='word_1_264' title='bbox 1095 3051 1149 3119; x_wconf 69' lang='lat' dir='ltr'><strong>siq-</strong></span> 
     </span>
     <span class='ocr_line' id='line_1_35' title="bbox 132 3117 1148 3186; baseline 0.004 -17"><span class='ocrx_word' id='word_1_265' title='bbox 132 3134 200 3170; x_wconf 79' lang='lat' dir='ltr'><strong>rrum</strong></span> <span class='ocrx_word' id='word_1_266' title='bbox 213 3124 278 3184; x_wconf 75' lang='lat' dir='ltr'><strong>post</strong></span> <span class='ocrx_word' id='word_1_267' title='bbox 296 3117 379 3169; x_wconf 89' lang='lat' dir='ltr'><strong>deum</strong></span> <span class='ocrx_word' id='word_1_268' title='bbox 394 3119 489 3184; x_wconf 75' lang='lat' dir='ltr'><strong>posuit</strong></span> <span class='ocrx_word' id='word_1_269' title='bbox 503 3119 590 3182; x_wconf 80' lang='lat' dir='ltr'><strong>Peter,</strong></span> <span class='ocrx_word' id='word_1_270' title='bbox 605 3118 657 3170; x_wconf 81' lang='lat' dir='ltr'><strong>ulii</strong></span> <span class='ocrx_word' id='word_1_271' title='bbox 671 3119 730 3170; x_wconf 82' lang='lat' dir='ltr'><strong>olio</strong></span> <span class='ocrx_word' id='word_1_272' title='bbox 744 3124 942 3186; x_wconf 77' lang='lat' dir='ltr'><strong>temptaverunt</strong></span> <span class='ocrx_word' id='word_1_273' title='bbox 1014 3125 1047 3172; x_wconf 79' lang='lat'><strong>26</strong></span> <span class='ocrx_word' id='word_1_274' title='bbox 1067 3137 1148 3174; x_wconf 86' lang='lat' dir='ltr'><strong>vene·</strong></span> 
     </span>
     <span class='ocr_line' id='line_1_36' title="bbox 132 3188 1149 3259; baseline 0.006 -21"><span class='ocrx_word' id='word_1_275' title='bbox 132 3189 208 3240; x_wconf 83' lang='lat' dir='ltr'><strong>rant:</strong></span> <span class='ocrx_word' id='word_1_276' title='bbox 235 3206 283 3242; x_wconf 84' lang='lat' dir='ltr'><strong>cm.</strong></span> <span class='ocrx_word' id='word_1_277' title='bbox 309 3188 480 3242; x_wconf 76' lang='lat' dir='ltr'><strong>cFWMue.</strong></span> <span class='ocrx_word' id='word_1_278' title='bbox 561 3194 595 3242; x_wconf 79' lang='lat'><strong>28</strong></span> <span class='ocrx_word' id='word_1_279' title='bbox 621 3205 661 3258; x_wconf 80' lang='lat' dir='ltr'><strong>gr.</strong></span> <span class='ocrx_word' id='word_1_280' title='bbox 685 3189 715 3241; x_wconf 91' lang='lat' dir='ltr'><strong>in</strong></span> <span class='ocrx_word' id='word_1_281' title='bbox 739 3205 771 3241; x_wconf 89' lang='lat' dir='ltr'><strong>eo</strong></span> <span class='ocrx_word' id='word_1_282' title='bbox 795 3190 870 3243; x_wconf 85' lang='lat' dir='ltr'><strong>codd.</strong></span> <span class='ocrx_word' id='word_1_283' title='bbox 899 3189 1090 3259; x_wconf 76' lang='lat' dir='ltr'><strong>gravissimae,</strong></span> <span class='ocrx_word' id='word_1_284' title='bbox 1116 3207 1149 3244; x_wconf 91' lang='lat' dir='ltr'><strong>co</strong></span> 
     </span>
     <span class='ocr_line' id='line_1_37' title="bbox 134 3259 511 3329; baseline 0.005 -19"><span class='ocrx_word' id='word_1_285' title='bbox 134 3259 267 3329; x_wconf 67' lang='lat' dir='ltr'><strong>Kiciiiiay</strong></span> <span class='ocrx_word' id='word_1_286' title='bbox 341 3263 373 3310; x_wconf 79' lang='lat'><strong>29</strong></span> <span class='ocrx_word' id='word_1_287' title='bbox 393 3259 511 3312; x_wconf 87' lang='lat' dir='ltr'><strong>maiores</strong></span> 
     </span>
    </p>
   </div>
   <div class='ocr_carea' id='block_1_6' title="bbox 488 3418 792 3474">
    <p class='ocr_par' dir='ltr' id='par_1_6' title="bbox 488 3418 792 3474">
     <span class='ocr_line' id='line_1_38' title="bbox 488 3418 792 3474; baseline 0 -1"><span class='ocrx_word' id='word_1_288' title='bbox 488 3418 672 3474; x_wconf 76' lang='lat' dir='ltr'><strong>INCERTAE</strong></span> <span class='ocrx_word' id='word_1_289' title='bbox 692 3419 792 3473; x_wconf 75' lang='lat' dir='ltr'><strong>sums</strong></span> 
     </span>
    </p>
   </div>
   <div class='ocr_carea' id='block_1_7' title="bbox 96 3510 1164 3664">
    <p class='ocr_par' dir='ltr' id='par_1_7' title="bbox 96 3510 1164 3664">
     <span class='ocr_line' id='line_1_39' title="bbox 189 3510 1150 3588; baseline -0.005 -18"><span class='ocrx_word' id='word_1_290' title='bbox 189 3514 244 3570; x_wconf 80' lang='lat' dir='ltr'><strong>ubi</strong></span> <span class='ocrx_word' id='word_1_291' title='bbox 255 3514 292 3572; x_wconf 81' lang='lat' dir='ltr'><strong>de</strong></span> <span class='ocrx_word' id='word_1_292' title='bbox 307 3533 409 3588; x_wconf 71' lang='lat' dir='ltr'><strong>qaaere</strong></span> <span class='ocrx_word' id='word_1_293' title='bbox 430 3521 456 3572; x_wconf 86' lang='lat' dir='ltr'><strong>ct</strong></span> <span class='ocrx_word' id='word_1_294' title='bbox 473 3531 591 3570; x_wconf 74' lang='lat' dir='ltr'><strong>recuro</strong></span> <span class='ocrx_word' id='word_1_295' title='bbox 610 3512 756 3567; x_wconf 73' lang='lat' dir='ltr'><strong>comicum</strong></span> <span class='ocrx_word' id='word_1_296' title='bbox 773 3510 821 3576; x_wconf 62' lang='lat' dir='ltr'><strong>tir.</strong></span> <span class='ocrx_word' id='word_1_297' title='bbox 834 3514 861 3562; x_wconf 72' lang='lat' dir='ltr'><strong>t.</strong></span> <span class='ocrx_word' id='word_1_298' title='bbox 877 3511 907 3574; x_wconf 46' lang='lat' dir='ltr'><strong>ct</strong></span> <span class='ocrx_word' id='word_1_299' title='bbox 920 3516 948 3588; x_wconf 25' lang='lat' dir='ltr'><strong>&#39;c</strong></span> <span class='ocrx_word' id='word_1_300' title='bbox 964 3510 996 3560; x_wconf 72' lang='lat' dir='ltr'><strong>dc</strong></span> <span class='ocrx_word' id='word_1_301' title='bbox 1010 3513 1150 3564; x_wconf 77' lang='lat' dir='ltr'><strong>certorum</strong></span> 
     </span>
     <span class='ocr_line' id='line_1_40' title="bbox 96 3576 1164 3664; baseline -0.024 -12"><span class='ocrx_word' id='word_1_302' title='bbox 96 3587 209 3652; x_wconf 58' lang='lat' dir='ltr'><strong>firma</strong></span> <span class='ocrx_word' id='word_1_303' title='bbox 234 3591 332 3664; x_wconf 59' lang='grc' dir='ltr'><strong>(ΓΜ)</strong></span> <span class='ocrx_word' id='word_1_304' title='bbox 361 3593 489 3650; x_wconf 74' lang='lat' dir='ltr'><strong>Asicius</strong></span> <span class='ocrx_word' id='word_1_305' title='bbox 515 3585 711 3663; x_wconf 79' lang='lat' dir='ltr'><strong>disputoocrit</strong></span> <span class='ocrx_word' id='word_1_306' title='bbox 732 3584 812 3653; x_wconf 61' lang='lat' dir='ltr'><strong>tuom</strong></span> <span class='ocrx_word' id='word_1_307' title='bbox 834 3579 902 3647; x_wconf 73' lang='lat' dir='ltr'><strong>quia</strong></span> <span class='ocrx_word' id='word_1_308' title='bbox 919 3593 945 3628; x_wconf 71' lang='lat' dir='ltr'><strong>rs</strong></span> <span class='ocrx_word' id='word_1_309' title='bbox 963 3593 982 3626; x_wconf 82' lang='lat' dir='ltr'><strong>o</strong></span> <span class='ocrx_word' id='word_1_310' title='bbox 997 3576 1124 3628; x_wconf 52' lang='lat' dir='ltr'><strong>uuerco</strong></span> <span class='ocrx_word' id='word_1_311' title='bbox 1140 3587 1164 3629; x_wconf 76' lang='lat' dir='ltr'><strong>u</strong></span> 
     </span>
    </p>
   </div>
   <div class='ocr_carea' id='block_1_8' title="bbox 0 0 1216 3840">
    <p class='ocr_par' dir='ltr' id='par_1_8' title="bbox 0 0 1216 3840">
     <span class='ocr_line' id='line_1_41' title="bbox 0 0 1216 3840; baseline 0 0"><span class='ocrx_word' id='word_1_312' title='bbox 0 0 1216 3840; x_wconf 95' lang='lat' dir='ltr'><strong> </strong></span> 
     </span>
    </p>
   </div>
  </div>
 </body>
</html>
