2422 3840
124 179 167 242 22
308 176 515 231 Gmnimaticae
536 175 786 232 antevarronianae
804 175 964 248 fragmenta

196 343 213 389 4
241 354 258 390 a
286 338 351 393 add.
376 338 442 391 Mai
551 343 566 389 ὅ
596 337 657 407 aut]
685 337 784 390 desunt
808 338 858 391 IV
878 338 934 403 fere
959 339 1065 392 litterae
1094 339 1145 392 aut

148 408 288 533 semi&
304 407 487 493 Cl>aud<io>
498 411 567 491 ceni.
579 408 674 462 Naber
692 409 742 461 aut
757 406 925 480 <Sc>vi<o>
936 410 986 461 aut
997 408 1144 482 (Tirone)

155 482 236 536 eecler
278 497 432 534 ueneram
452 481 517 533 Mar

444 623 481 687 B.
512 622 821 689 FRAGMENTUM

199 735 272 795 Geli.
299 737 350 804 18,
367 736 394 808 5,
412 739 452 793 11
486 738 656 809 contentus,
687 735 788 810 inquit
819 731 980 814 [Antonius
1003 737 1146 796 Iulianus

123 822 246 901 rhetor],
279 844 335 903 ego
366 823 413 883 his
444 843 503 882 non
532 825 576 882 fui
604 828 646 899 et,
674 827 710 882 ut
737 843 797 883 non
824 823 963 883 turbidae
989 825 1060 884 fidei
1091 845 1146 885 nec

124 913 292 991 ambiguae,
325 913 376 972 sed
405 917 438 972 ut
465 932 559 989 purae
582 913 784 988 liquentisque
808 915 898 986 esset,
927 909 1082 989 ‘equus'ne
1107 935 1146 974 an

124 997 237 1078 ‘eques'
284 1002 430 1079 scriptum
471 1002 586 1061 Ennius
625 1002 809 1078 reliquisset,
858 1001 968 1061 librum
1009 1022 1144 1062 summae

97 1095 216 1167 ratque
244 1091 423 1150 reverendae
452 1091 640 1169 vestustatiS,
670 1111 757 1166 quem
785 1091 846 1151 fere
875 1091 1031 1151 constabat
1055 1090 1145 1151 Lam-

124 1181 262 1257 padionis
289 1200 381 1238 manu
404 1180 608 1254 emendatum,
636 1180 736 1239 studio
759 1180 915 1256 pretioque
938 1181 1033 1240 multo
1056 1183 1145 1240 unius

123 1288 226 1328 versus
253 1269 430 1346 inspiciendi
458 1269 557 1347 gratia
585 1269 713 1328 conduxi
735 1273 765 1327 et
788 1265 916 1344 ‘eques'‚
944 1289 1003 1329 non
1027 1265 1145 1346 ‘equus’

124 1360 269 1434 scriptum
286 1361 319 1417 in
338 1378 371 1417 eo
391 1376 481 1418 versu
499 1358 600 1417 inveni
614 1352 729 1437 [rusus
748 1362 790 1418 est
802 1377 836 1417 en
852 1359 920 1416 VII
931 1377 998 1418 ann.
1014 1361 1082 1419 232
1098 1352 1146 1419 V?

124 1447 252 1522 denique
275 1449 307 1506 vi
329 1466 440 1524 magna
464 1447 632 1523 quadurpes
656 1466 746 1522 eques
765 1450 856 1522 atque
876 1441 1145 1527 elephantisproici-

84 1552 110 1591 ιο
124 1540 179 1595 unt
203 1533 287 1612 sese].

195 1618 268 1686 quod
288 1634 322 1671 ea
336 1619 431 1685 priore
449 1617 506 1671 loco
526 1619 627 1671 Lerselt
646 1617 733 1685 (Mus.
753 1618 778 1670 d.
798 1618 1004 1686 rlcein.-uestpli.
1024 1618 1143 1672 Schnlm.

124 1689 184 1742 ΙΙΙ.
201 1692 282 1755 1845,
297 1692 315 1741 3
325 1707 355 1758 p.
365 1692 421 1742 233
431 1691 480 1758 sq.)
494 1690 653 1757 auspicatur
666 1689 885 1756 Lampadionem
901 1688 1013 1743 Catonis
1026 1691 1147 1759 oripines

125 1761 278 1828 inceptem
305 1761 388 1814 libros
413 1760 587 1825 distinaisse,
620 1761 695 1814 omni
720 1760 900 1826 fundamento
925 1760 1084 1815 destitutum
1108 1767 1147 1816 est

125 1832 170 1900 (cf.
190 1832 279 1897 Peter,
302 1837 350 1886 cet.
370 1833 431 1885 list.
452 1833 487 1886 R.
507 1832 565 1885 rell.
581 1849 610 1900 p.
633 1831 754 1886 CXXX
765 1833 822 1900 sq).
860 1838 1034 1886 cumcontra
1054 1833 1149 1887 Ennii

125 1903 241 1957 urnales
255 1902 436 1957 mandavisse
450 1919 483 1956 ea
497 1902 585 1956 Gellio
600 1909 625 1956 et
637 1903 779 1957 Frontone
799 1904 865 1971 (test.
876 1903 903 1970 4)
922 1904 1050 1956 concludi
1062 1903 1146 1958 debet.

505 2146 550 2228 L.
574 2141 759 2228 reclus

468 2310 506 2375 A.
532 2310 799 2376 rearmatur

122 2399 234 2454 VITAE

197 2512 221 2561 1.
241 2507 348 2560 Lucius
366 2522 535 2574 praenomen
558 2523 576 2558 a
599 2507 777 2574 scriptoribus
795 2507 885 2560 omitti
901 2507 982 2572 solet;
1005 2507 1150 2561 inuenitur

124 2585 215 2633 tamen
225 2577 303 2645 apud
313 2584 448 2632 auderem
458 2577 496 2630 ad
505 2577 687 2643 Herennium,
701 2576 862 2641 Ciceronem,
872 2577 998 2630 Plinium
1007 2579 1148 2645 maiorem,

127 2648 246 2704 Gelliam
274 2649 476 2718 Hieronymum
505 2649 687 2702 Macrobium.
728 2648 855 2702 ‘Accius'
888 2653 977 2701 autem
1006 2649 1149 2717 semptura

125 2722 203 2789 lonpe
222 2725 286 2772 ante
305 2727 405 2774 ceteras
421 2719 537 2773 ‘Attius’
555 2720 595 2773 rel
616 2720 736 2773 ‘Aetius'
753 2724 887 2787 praestat,
905 2719 1005 2787 qnippe
1023 2736 1093 2787 qnae
1112 2722 1148 2774 ab

126 2793 237 2860 optimis
254 2790 395 2845 codicibus
413 2791 618 2845 commendetur.

197 2866 223 2915 2.
244 2863 316 2916 Suet.
332 2863 389 2915 rell.
402 2880 431 2930 p.
443 2863 522 2916 361l.
532 2889 565 2907 =
577 2864 692 2917 Hieron.
713 2861 751 2915 ad
765 2879 790 2914 a.
806 2861 1148 2931 Abr.1878(2,12980l.)

125 2933 155 2986 L.
182 2933 283 2986 Accius
306 2933 516 3002 tragoediarum
541 2933 660 3001 scriptor
687 2931 779 2986 clarus
807 2931 928 2986 habetur
950 2932 987 3001 [a.
1008 2933 1148 3004 615s139]‚

126 3006 209 3058 natus
225 3003 356 3057 Mancino
372 3007 401 3057 et
415 3004 533 3058 Serrano
550 3021 617 3058 coss.
630 3006 667 3074 [a.
679 3003 810 3074 aalide]
821 3003 987 3071 parentibus
996 3001 1148 3070 libertinis,

126 3078 155 3128 et
179 3076 239 3128 seni
262 3075 319 3128 iam
339 3076 460 3129 Pacuvio
480 3075 594 3129 Tarenti
619 3092 670 3128 sua
694 3074 800 3143 scripta
823 3075 960 3128 recitavit.
998 3089 1016 3126 a
1039 3091 1095 3141 quo
1119 3077 1150 3128 et

126 3145 230 3199 fundus
245 3146 384 3200 Accianus
399 3147 478 3200 iuxta
492 3146 640 3200 Pisaurum
656 3146 767 3210 dicitur,
782 3146 849 3212 quin
863 3145 932 3197 illuc
945 3145 1020 3198 inter
1034 3145 1149 3201 colonos

127 3217 220 3270 fuerat
244 3235 278 3271 ex
300 3218 369 3271 urbe
393 3219 538 3272 deductus.
576 3219 608 3272 de
627 3234 702 3272 urino
724 3219 815 3270 rcatali
833 3218 867 3282 cf.
888 3219 970 3270 etiam
989 3217 1025 3281 fr.
1041 3220 1086 3271 20.
1115 3219 1150 3273 de

126 3292 223 3357 patria
237 3291 358 3343 Pisauro
376 3297 478 3344 certum
492 3291 675 3343 testimonium
689 3289 760 3341 deest
774 3288 816 3356 (de
830 3290 905 3342 Plin.
921 3305 948 3340 n.
963 3289 988 3340 lc.
1005 3291 1031 3354 7,
1041 3292 1099 3342 128
1112 3290 1148 3356 cs.

126 3377 213 3429 supra
231 3360 275 3415 De
301 3363 357 3415 lud.
378 3363 428 3416 litt.
450 3364 503 3426 15),
526 3378 592 3413 nam
616 3366 733 3413 extrema
757 3360 838 3413 eerla
860 3359 928 3426 quia
951 3390 985 3397 —
1009 3358 1149 3414 deductus

127 3431 165 3485 ad
189 3432 263 3486 lunc
287 3432 402 3486 Accium
428 3433 501 3498 falso
526 3432 614 3485 relata
639 3437 718 3496 sunt,
747 3447 809 3484 cum
834 3431 958 3484 deductio
982 3430 1150 3502 a.570l184

61 3547 63 3551 ,
127 3504 271 3569 calderim
294 3504 341 3557 sed
364 3512 455 3558 tamen
478 3502 516 3556 ad
534 3504 649 3557 Accium
668 3508 776 3569 patrem
796 3504 932 3568 pertinere
954 3502 1082 3556 uidentur
1101 3503 1151 3571 (ad

128 3575 256 3629 Ennium
283 3591 345 3628 curn
370 3576 454 3630 Accio
476 3580 665 3642 permutatum
693 3579 778 3641 putat
814 3573 916 3638 Mora,
948 3573 1148 3644 Pauly-Wise.
