2422 3840
120 145 186 210 296
270 143 477 198 Grammatioae
496 144 599 199 utatis
617 144 808 198 Varronianus
825 143 986 214 fragmenta

120 315 272 389 stipitum,
301 312 409 388 quibus
435 313 551 372 vallum
577 312 625 386 fit,
656 313 735 371 nnde
765 317 863 372 cetera
891 331 1009 387 qnoque
1039 313 1142 387 spatia

93 398 206 480 ⁶<ita>
229 402 377 461 dicuntur,

192 502 268 555 Aac.
289 501 400 556 Oornut
424 517 470 568 ap.
491 500 613 555 caseon
636 501 704 554 ortb.
724 504 786 566 151,
801 502 819 552 3
845 514 966 553 muniris
983 532 1009 538 -
1027 513 1139 553 simtur.

120 574 215 627 Albin.
234 573 302 628 6666.
317 588 348 641 p.
368 575 431 638 303,
444 575 482 625 23
506 569 686 624 intervallum
711 586 763 639 per
785 570 841 623 duo
860 570 871 622 l
889 570 1068 624 scribendum
1087 573 1139 624 cst.

192 683 208 731 3
228 679 293 732 sunt
311 694 366 731 666.
386 678 471 732 Bm.
491 679 518 730 st
537 678 629 732 Pas-sb.
648 677 705 730 sint
724 677 838 731 Brucel.
860 677 952 732 Gelon.
1061 678 1141 730 5166,

120 749 221 805 addida·
238 748 387 802 intervalla
405 750 472 803 Koa

542 910 614 966 277
638 901 709 986 [66]

188 1033 294 1073 narare
316 1033 486 1090 perunum
509 1034 525 1072 r
543 1013 693 1089 scribitur,
715 1016 750 1072 ut
768 1013 899 1072 Varroni
922 1014 1035 1089 placet3
1058 1033 1139 1073 secu-

120 1107 169 1163 tus
193 1107 238 1162 est
261 1105 341 1162 enim
364 1103 578 1182 etymologiam
600 1103 729 1161 nominis
753 1104 826 1177 6166,
850 1121 910 1178 qua
933 1103 1139 1179 3666666161-

120 1195 172 1251 tnr
206 1192 259 1268 qui
293 1195 350 1251 scit
382 1194 411 1250 et
448 1192 558 1267 accipit
594 1192 674 1267 quod
714 1191 801 1267 loqui
836 1191 952 1250 debeat
1012 1191 1139 1266 denique

121 1282 300 1358 compositio
329 1280 413 1340 verbi
445 1281 489 1339 ita
521 1279 671 1355 scribitur,
703 1281 854 1358 ignorare,
888 1281 968 1356 quod
998 1300 1058 1339 non
1087 1300 1141 1356 per

94 1370 181 1429 sduo
204 1391 229 1444 r,
256 1370 308 1428 sed
330 1389 384 1446 per
406 1389 499 1427 unum
527 1369 675 1428 scribitur.
720 1369 788 1428 ideo
811 1372 842 1427 et
864 1371 982 1428 naratio
1010 1390 1103 1427 unum
1125 1390 1141 1427 r

120 1459 229 1518 habere
252 1459 347 1520 debet.

193 1559 342 1626 Papirion
357 1575 402 1626 ap.
419 1556 540 1613 Cassiod.
556 1558 664 1625 ortiap
681 1561 742 1622 159,
756 1561 908 1610 8666666-
917 1571 990 1611 soene
1018 1556 1139 1612 Cassiod.

121 1645 176 1684 666.
192 1647 222 1698 p
236 1632 336 1695 212,s
374 1629 430 1683 Vel.
445 1629 575 1699 1666666
591 1632 637 1693 80,
646 1633 665 1682 8
683 1643 751 1680 sano
769 1627 799 1680 in
818 1643 851 1681 eo
870 1628 946 1694 quod
965 1630 1008 1681 est
1026 1644 1141 1682 narrare

121 1700 299 1754 observatum
318 1702 362 1753 est
378 1702 411 1753 nt
429 1717 516 1752 unum
533 1716 548 1752 r
563 1668 754 1764 scriberemus,
772 1699 906 1766 quoniam
920 1699 999 1752 uenit
1013 1716 1030 1752 a
1043 1716 1140 1768 gnaro,

121 1772 167 1825 cui
191 1773 234 1825 ost
257 1771 458 1824 contrarium'
449 1787 573 1840 ignarus
618 1771 653 1837 cf.
678 1741 766 1825 Varrb
785 1771 818 1823 de
840 1772 857 1824 l
873 1771 907 1824 L
929 1775 955 1837 6,
970 1775 1014 1823 51.
1053 1772 1141 1838 066666

121 1844 235 1912 areop.
256 1847 339 1909 96,6.
378 1843 473 1897 Abin.
493 1844 607 1911 66666
626 1845 746 1909 36534

195 1948 351 2002 2nominis
377 1965 409 2002 66
436 1948 512 2016 quod
536 1965 583 2017 gn.
610 1948 637 2001 d.
664 1948 713 2015 qui
739 1965 760 2002 s.
787 1950 816 2001 et
841 1947 951 2016 accepit
978 1950 1048 2002 66666.
1076 1948 1141 2002 Keil

123 2025 138 2072 3
159 2020 208 2086 qui
222 2019 301 2087 loqui
315 2021 408 2074 Poris.
428 2018 522 2086 quidl
545 2021 630 2074 Rern.
703 2025 720 2072 4
739 2019 827 2089 quod]
846 2035 902 2087 que
916 2020 1031 2074 Rroaez.
1048 2021 1140 2074 061666.

122 2214 171 2268 DE
191 2213 285 2268 SONO
304 2213 432 2268 VOOUM

546 2331 617 2388 278
641 2324 712 2409 [55]

190 2438 265 2495 scire
287 2438 406 2511 oportet
435 2454 550 2510 vocem,
581 2437 659 2494 sicut
686 2455 771 2495 omne
801 2454 921 2510 corpus,
950 2438 1005 2494 tris
1034 2436 1142 2495 habere

123 2524 292 2598 distantias,
306 2520 566 2602 (longitudinem)
579 2523 770 2582 altitudinem
785 2524 1021 2582 crassitudinem.
1045 2526 1142 2602 longi·

122 2613 257 2681 tudinem
287 2617 420 2690 tempore
444 2633 479 2673 ac
507 2613 631 2689 syllabis
658 2616 810 2688 metimur3
840 2633 910 2671 nam
939 2617 968 2671 et
996 2617 1142 2689 quantum

123 2721 224 2762 morae
249 2702 439 2781 enuntiandis
458 2703 557 2762 verbis
579 2705 695 2762 teratur
718 2705 749 2761 et
766 2705 879 2777 quanto
898 2722 1021 2761 numero
1040 2703 1141 2761 modo-

97 2807 183 2866 sque
216 2791 401 2866 syllabarum
437 2812 531 2850 unum
563 2791 702 2868 quodque
735 2793 775 2850 sit
806 2791 942 2865 verbum,
979 2792 1142 2867 plurimum

122 2880 222 2939 refert.
265 2880 456 2939 altitudinem
474 2880 616 2940 discernit
640 2883 786 2953 accentus,
810 2898 877 2938 cum
900 2899 968 2955 pars
987 2881 1070 2938 verbi
1089 2883 1143 2938 aut

123 2972 156 3027 in
175 2989 266 3046 grave
285 2969 463 3045 deprimitur
481 2973 534 3028 ant
557 2970 737 3028 sublimatur
759 2969 789 3026 in
810 2972 937 3028 acutum.
977 2970 1142 3028 crassitudo

124 3062 225 3117 autem
258 3059 290 3116 in
320 3059 429 3133 spiritu
463 3062 521 3132 est,
530 3091 531 3094 ¹
556 3059 636 3116 unde
665 3060 756 3116 etiarn
789 3057 895 3116 Graeci
929 3058 1142 3160 aspirationem

124 3143 292 3222 appellant,
322 3166 391 3205 nam
420 3166 520 3206 omnes
545 3165 632 3206 voces
658 3150 712 3207 aut
742 3147 900 3221 aspirando
924 3147 1057 3205 facimus
1077 3149 1141 3222 pin·

84 3253 111 3293 ro
125 3236 252 3313 guicros,
280 3240 335 3294 666
358 3238 421 3295 6166
445 3238 579 3321 aspiratu
602 3236 859 3327 pronuntiandot
860 3238 1002 3293 enuiores.

196 3334 309 3406 [Serqic]
323 3336 420 3404 capt
409 3352 440 3387 666
454 3335 528 3389 1)666.
540 3352 570 3403 p
582 3338 646 3400 525,
654 3320 754 3388 24666
754 3338 934 3388 ,auterno
891 3351 1012 3396 oo-prtu
1024 3352 1062 3388 ten
1062 3349 1125 3389 mora

123 3406 159 3472 cs
175 3407 439 3472 Ρ6666111519,6
463 3405 655 3476 1916956666.
672 3409 750 3471 7,55
777 3406 889 3460 Locret.
898 3409 999 3470 4.599
1033 3407 1142 3471 566666,

119 3477 293 3546 &raelaobil
310 3478 340 3531 d
361 3477 600 3546 Alten3,119sq
645 3477 677 3530 de
699 3478 971 3543 616616666666666666
993 3476 1143 3547 fraqmeatc'

86 3547 138 3608 el?
165 3547 328 3606 Wlmanns
347 3551 415 3607 65664.
430 3568 461 3622 p.
479 3553 525 3607 59.
