2422 3840
358 186 462 241 Gavius
479 186 592 241 Bassus.
629 185 775 240 Aufustiue
1006 185 1071 251 491

58 374 171 430 neque
194 355 333 414 diffusa
356 357 422 429 est,
450 355 485 412 in
508 374 614 413 unum
640 346 781 413 tantum
808 354 910 413 modo
938 353 1071 413 exitum

57 444 248 504 collectam
279 448 511 519 coactamque
540 462 661 502 vocem
691 445 777 517 ciet,
809 445 923 520 magis
953 443 1070 502 claros

57 551 281 608 canorosque
312 533 452 593 sonitus
481 533 580 591 facit.
628 534 795 607 quoniam
824 534 942 610 igitur
967 533 1070 591 indu·

57 626 211 680 mentum
242 622 336 680 illud
363 622 435 681 oris
466 622 664 680 clarescere
693 624 728 680 et
754 640 923 681 resonare
951 631 1111 681 vocem1⁰

56 713 161 784 facit,
192 711 332 770 obeam
356 730 498 770 causam
525 728 679 787 persona
701 709 800 769 dicta
825 714 878 770 est
901 730 918 769 o
942 711 1072 771 littera

57 802 206 877 propter
229 800 397 859 vocabuli
420 801 568 859 formam
591 799 831 876 productiore.

130 890 197 945 Gall.
214 894 240 955 5,
255 895 272 944 7
294 904 368 954 reparo
385 923 412 930 -
429 904 578 954 procusum.
610 892 645 958 cf.
666 889 739 944 Fest.
754 906 785 958 p.
799 892 855 945 217
860 902 883 955 a,
898 893 941 944 18.
967 889 1071 946 Auscii.

55 961 95 1014 Η.
110 977 139 1029 p.
154 965 219 1027 202,
232 965 260 1016 2.
278 966 344 1028 aaa,
358 967 402 1016 es.

129 1051 193 1103 let
212 1050 278 1104 sita:
304 1067 351 1104 em.
372 1051 463 1104 Paris.
483 1055 552 1105 m.2
601 1101 603 1103 ,
645 1056 658 1102 1
681 1047 809 1102 diffneest
832 1049 919 1103 Vatia.
944 1048 1005 1102 difu
1028 1050 1071 1102 eet

57 1121 219 1191 Loqui-Bet.
240 1120 298 1174 diff.
319 1129 369 1187 aet,
389 1121 475 1192 (eet)
495 1123 648 1176 Mommsen

499 1280 549 1333 DE
567 1280 625 1334 DIS

515 1399 535 1453 9
560 1390 608 1475 [1]

126 1484 237 1544 Gavius
264 1485 377 1543 Bassus
404 1487 436 1542 in
464 1504 497 1543 eo
525 1484 612 1558 libro,
643 1504 732 1561 quem
759 1486 794 1543 de
823 1485 867 1543 dis
896 1485 1071 1560 composuit,

57 1575 163 1633 Ianum
190 1573 351 1632 bifrontem
378 1573 451 1650 fingi
478 1575 522 1632 ait
546 1576 631 1647 quasi
658 1592 796 1649 superum
826 1577 915 1650 atque
942 1575 1071 1631 inferum

56 1664 228 1735 ianitorem,
257 1663 383 1720 eundem
410 1662 642 1737 quadriformem
670 1664 755 1737 quasi
782 1664 920 1723 universa
948 1663 1070 1736 climata

55 1752 210 1809 maiestate
234 1751 417 1828 conplexum.

127 1841 252 1895 Macrob.
263 1846 289 1907 1,
300 1844 372 1907 9,13
386 1853 470 1894 cauus
483 1854 600 1895 Bm-
609 1856 750 1902 conplexum.
773 1841 807 1907 cf.
818 1841 884 1911 Niq.
900 1842 964 1911 Feb,
978 1841 1014 1907 fr.
1025 1845 1068 1896 42.

56 1911 128 1980 Lyd.
147 1913 179 1965 de
197 1929 278 1966 meas.
297 1916 323 1978 4,
337 1917 363 1966 2.

128 2000 216 2052 ldiis
236 2001 335 2055 Bomb.

411 2114 595 2170 INGERTAE
615 2113 715 2168 sams

437 2225 479 2280 10
503 2216 564 2300 [Dc
586 2222 633 2280 dis
651 2215 686 2300 2]

121 2319 241 2378 Faunus
269 2352 313 2360 —
340 2338 471 2379 sororem
500 2337 586 2378 suam
616 2319 742 2377 Fontam
768 2319 903 2378 Faunam
932 2321 1068 2379 eandem·

55 2428 112 2483 que
144 2411 300 2485 coniugem
332 2409 530 2482 consecravit,
567 2427 658 2484 quam
690 2406 802 2468 Gavius
834 2408 944 2468 Bassus
975 2409 1070 2469 tradit

54 2498 182 2555 Fatuam
213 2499 412 2572 nominatam,
449 2496 528 2573 quod
563 2497 736 2556 mulieribus
767 2497 833 2556 fata
865 2516 969 2557 canere
1002 2517 1068 2558 con·

53 2589 176 2662 mosset,
200 2589 235 2645 ut
257 2587 377 2646 Faunus
400 2587 480 2646 viris.

126 2677 205 2730 Ῑιαΰΐ.
220 2677 246 2729 d.
261 2677 280 2729 ι’.
296 2680 404 2742 1,22,9
422 2691 513 2730 Faunus
526 2708 553 2714 -
566 2701 664 2730 sororem
677 2708 704 2715 -
717 2691 777 2731 virle.
804 2675 839 2741 cf.
856 2677 944 2732 Vwrro
958 2677 991 2731 de
1005 2678 1022 2732 d.
1032 2679 1067 2732 Ῑι.

56 2751 81 2812 7,
97 2752 140 2802 36.
174 2748 277 2801 Araob.
293 2753 318 2813 1,
333 2752 376 2801 36.
411 2749 535 2801 Macrob.
551 2752 576 2813 1,
591 2752 635 2812 12,
649 2751 694 2801 22.
727 2748 800 2802 Sero.
815 2748 891 2801 Dan.
908 2749 964 2802 buc.
981 2753 1007 2815 6,
1020 2753 1066 2804 27.

52 2823 168 2902 9.1,10.
194 2820 283 2902 Mart
294 2819 470 2887 Cap.2,167.
494 2819 563 2902 Isid.
575 2822 740 2902 or.1Q,103.
764 2821 819 2873 ista
832 2820 882 2874 etsi
894 2821 1069 2875 oerisimcle'us

55 2890 92 2942 ad
106 2891 189 2944 libros
198 2891 243 2943 De
252 2891 295 2943 des
308 2891 420 2956 referas,
434 2907 468 2944 ae
481 2906 601 2958 orcqeaes
612 2890 719 2958 quedem
732 2892 926 2958 qrammate'cas
935 2891 1067 2946 dedeceat.

125 2983 141 3030 2
156 2978 256 3047 gaulus
272 2981 363 3033 Paris.
383 2977 514 3048 gabinius
530 2979 693 3032 Pal-Vatis,
710 2979 810 3048 gabius
824 2981 881 3034 rell.
949 2979 1069 3033 tradidit

54 3050 163 3103 Boion.
183 3051 346 3104 Pal-Votis.

414 3290 705 3377 AUFUSTIUS

125 3440 290 3505 Arusnatium
313 3447 376 3495 cote
400 3442 525 3495 Verrium
547 3444 687 3512 scripsisse
711 3444 870 3511 occepimus
894 3442 950 3507 lis·
966 3442 1026 3514 ‘2b3⁸
1043 3436 1097 3486 θῶ

53 3511 126 3580 qaod
146 3513 244 3566 Usener
262 3513 323 3579 (Bb.
341 3512 416 3567 Mus.
431 3515 599 3586 24,101sq.)
620 3533 684 3571 aare
700 3517 865 3571 arbitratur
882 3511 1120 3582 &mistionem

47 3583 81 3633 de
106 3583 270 3647 eismerfectcs
296 3585 328 3637 m
357 3587 451 3642 -ebam
481 3590 594 3645 -icbam
623 3591 720 3659 linitis
752 3587 861 3642 Asinio
890 3577 1031 3633 recusem
1061 3563 1141 3612 W?
