2422 3840
441 171 479 223 M.
499 171 612 224 Verrius
631 171 746 226 Flaccus
1036 175 1101 238 513

83 341 270 400 tribunum
306 341 465 399 militum
504 340 549 398 ad
585 339 731 398 Alliam
769 341 940 400 adversus
977 341 1101 402 Gallos

83 434 325 508 pugnaturum
345 449 416 487 rem
432 429 592 487 divinam
611 429 807 488 dimicandi
826 433 947 507 gratia
964 433 1100 506 postri-

84 519 141 578 die
171 519 251 578 idus
281 520 428 591 fecisse,
460 521 534 575 tum
564 518 760 576 exercitum
792 520 919 594 populi
950 521 1100 580 Romani
1128 531 1140 571 δ

84 608 271 667 occidione
299 609 455 666 occisum
478 610 512 664 et
535 610 616 682 post
640 607 731 664 diem
755 609 904 667 tertium
928 609 1004 668 eius
1028 610 1101 668 diei

83 697 205 755 urbem
218 699 363 772 praeter
378 695 601 771 Capitolium
617 699 758 771 captam
773 715 863 772 esse,
883 700 1101 772 complures·

84 806 151 861 que
176 787 243 843 alii
271 788 459 845 senatores
487 785 671 845 recordari
694 804 770 844 sese
799 786 984 861 dixerunt,
1015 807 1100 863 quo-

83 878 178 934 tiens
210 875 300 933 belli
332 874 480 952 gerendi
516 874 636 951 gratia
668 893 723 932 res
757 875 881 934 divina
918 877 1100 951 postridie

83 964 258 1022 kalendas
281 981 392 1021 nonas
415 963 496 1021 idus
520 982 538 1020 a
560 966 780 1040 magistratu
803 965 931 1039 populi
948 966 1100 1024 Romani
1115 975 1141 1014 1⁰

84 1053 183 1111 facta
211 1057 321 1126 esset,
352 1052 427 1110 eius
454 1051 545 1109 belli
572 1053 732 1127 proximo
761 1053 930 1128 deinceps
958 1055 1099 1129 proelio

83 1161 156 1200 rem
188 1141 369 1217 publicam
406 1141 497 1198 male
530 1145 668 1217 gestam
704 1160 786 1201 esse.
842 1145 917 1200 tum
953 1146 1100 1202 senatus

84 1250 157 1288 earn
177 1250 248 1288 rem
268 1231 310 1288 ad
329 1230 527 1306 pontifices
545 1233 687 1305 reiecit,
706 1233 745 1289 ut
762 1233 835 1305 ipsi
851 1232 943 1306 quod
961 1232 1100 1291 videre·

82 1324 142 1378 tur
160 1322 369 1378 statuerent.
410 1319 609 1394 pontifices
628 1318 865 1379 decreverunt
887 1321 1025 1379 nullum
1044 1322 1100 1381 his

85 1409 210 1468 diebus
234 1409 458 1467 sacrificium
482 1412 578 1467 recte
601 1411 772 1467 futurum.
1115 1414 1140 1456 1⁶

158 1525 225 1579 cell.
241 1529 317 1591 5,17
336 1525 449 1577 Verrius
469 1524 585 1577 Flaccus
604 1525 632 1576 in
652 1526 753 1592 quarto
773 1525 808 1580 de
827 1525 973 1579 verborum
993 1526 1101 1595 signifi·

82 1597 149 1651 catu
169 1596 237 1659 dies,
257 1594 306 1663 qui
325 1596 390 1648 sunt
408 1595 544 1662 postridie
558 1594 694 1649 kalendas
712 1613 800 1650 nonas
819 1596 892 1663 idus,
911 1614 980 1665 quos
999 1597 1100 1668 vulgus

82 1668 214 1737 imperite
232 1667 356 1720 nefastos
377 1666 455 1732 dicit,
474 1669 589 1735 propter
606 1668 679 1720 hano
699 1684 812 1721 causam
827 1667 917 1721 dictos
931 1669 1099 1736 habitosque

83 1741 159 1793 atros
179 1754 239 1791 esse
259 1738 364 1791 scribit.
391 1754 447 1792 urbe
460 1738 554 1804 inquit
568 1763 582 1791 a
597 1751 667 1792 omn
680 1770 707 1777 -
720 1753 826 1792 fumum.
859 1742 924 1792 ante
942 1740 1018 1792 diem
1032 1757 1100 1806 quo-

82 1827 138 1878 que
166 1811 297 1876 quartum
322 1809 458 1862 kalendas
484 1808 528 1863 vel
551 1825 639 1862 nonas
665 1809 709 1862 vel
736 1809 800 1862 idus
827 1811 972 1878 tamquam
999 1811 1099 1864 inomi-

82 1880 177 1933 nalem
196 1881 271 1933 diem
289 1880 416 1949 plerique
435 1881 534 1933 vitant.
564 1880 624 1933 eius
643 1880 846 1934 observationis
866 1898 901 1935 an
920 1881 1020 1951 religio
1039 1882 1099 1936 ulla

84 1952 122 2004 sit
149 1952 267 2018 tradita,
297 1952 395 2020 quaeri
423 1951 502 2004 solet.
540 1953 621 2006 istius
647 1954 752 2022 ploseae
779 1955 893 2022 ocstipiu
921 1954 998 2022 apud
1025 1954 1098 2008 Fest.

82 2041 109 2092 p.
125 2026 236 2089 178a‚6
250 2029 352 2077 estuat.
377 2023 409 2075 de
423 2040 452 2076 re
465 2023 499 2087 cf.
517 2024 605 2077 Varro
619 2024 651 2076 dc
665 2024 681 2075 l.
694 2024 727 2076 L.
739 2028 765 2088 6,
775 2028 819 2078 29.
851 2024 928 2079 Ouid.
942 2027 1008 2091 fast.
1019 2029 1043 2091 1,
1055 2029 1098 2078 57.

83 2095 145 2148 Lic.
163 2099 286 2160 6,1,11.
315 2095 389 2147 Plut.
405 2101 505 2162 quaest.
522 2095 557 2149 R.
571 2097 616 2148 25.
644 2095 724 2148 Fast.
740 2097 840 2149 Proca.
858 2096 931 2149 011>
941 2094 976 2149 1²
989 2114 1020 2164 p.
1035 2100 1098 2150 231.

82 2166 155 2222 Suet.
179 2168 236 2219 rell.
256 2169 355 2234 p.155
374 2167 408 2219 R.
441 2165 508 2220 Gall.
523 2169 549 2230 4,
564 2169 590 2231 9,
606 2169 630 2218 5.
664 2167 738 2219 Nou.
753 2183 783 2233 p.
801 2170 903 2232 73,30.
933 2166 1057 2222 Macrob.
1074 2171 1099 2233 1,

82 2241 126 2302 15,
139 2241 185 2289 22.
205 2241 250 2302 16,
263 2241 309 2290 22.

155 2367 170 2412 2
194 2360 333 2428 Aquinius
358 2361 482 2415 Macrob.
586 2364 605 2429 (1
629 2362 800 2430 Lapat-But.
822 2362 908 2414 Vatia
932 2378 986 2429 que
1005 2363 1097 2416 Paris.

82 2439 182 2486 ocum
201 2434 293 2486 Poris.
319 2433 405 2486 Varie.
515 2433 638 2486 exercitu
662 2434 747 2486 Vctic.
859 2437 891 2485 10
915 2451 932 2485 a
950 2437 1023 2502 mag.
1042 2435 1099 2499 fere

82 2506 175 2558 Paris.
201 2504 287 2557 Vatia
316 2522 333 2556 a
351 2519 398 2555 ma
417 2503 467 2556 Gi.
488 2503 658 2573 Lepci-But.

579 2711 598 2765 4

151 2851 169 2907 l.
188 2849 247 2908 IV.
293 2849 449 2908 historiam
487 2849 524 2906 ab
562 2849 718 2907 annalibus
757 2849 878 2924 quidam
915 2849 1031 2907 differre
1064 2867 1098 2907 eo

82 2941 199 3014 putant,
225 2938 313 3012 quod,
339 2958 405 2996 oum
424 2941 584 3012 utrumque
604 2941 643 2996 sit
663 2958 763 2996 rerum
782 2941 933 3015 gestarum
955 2940 1097 3013 narratio,

83 3048 185 3086 earum
215 3030 317 3086 tamen
348 3029 468 3101 proprie
500 3046 598 3085 rerum
629 3027 668 3085 sit
699 3027 806 3086 histori
831 3072 838 3101 ,
871 3026 977 3102 quihus
1010 3027 1098 3085 rebus

82 3117 219 3194 gerendis
243 3115 414 3173 interfuerit
437 3116 461 3174 is
486 3116 538 3191 qui
560 3119 670 3190 narret,
694 3045 829 3192 eamqu?
841 3135 903 3175 esse
927 3116 1098 3190 opinionem

83 3205 270 3281 quorundam
293 3205 415 3262 Verrius
439 3205 562 3263 Flaccus
590 3206 680 3264 refert
708 3208 740 3263 in
762 3204 839 3264 libro
864 3206 899 3262 de
927 3204 1097 3282 significatu
1126 3223 1138 3264 s

81 3293 240 3355 verborum
273 3297 388 3369 quarto.
435 3313 469 3352 ac
499 3313 529 3352 se
563 3293 681 3368 quidem
714 3294 851 3353 dubitare
884 3312 972 3369 super
1001 3313 1036 3351 ea
1066 3313 1097 3352 re

82 3385 165 3458 dicit,
189 3401 274 3458 posse
299 3387 399 3441 autem
422 3383 518 3440 videri
540 3386 628 3459 putat
650 3403 709 3442 non
733 3383 809 3441 nihil
832 3401 894 3442 esse
917 3383 1050 3439 rationis
1068 3385 1112 3434 'nn

82 3493 117 3532 ea
142 3475 290 3547 opinione,
321 3472 400 3548 quod
427 3471 541 3554 ἱστορία
570 3492 677 3552 graece
705 3472 866 3552 significet
889 3485 1005 3524 rerum
1023 3461 1136 3548 css-¹5·

79 3564 188 3619 tionem
215 3562 430 3634 praesentium.
461 3597 499 3606 —
532 3567 580 3625 ita
609 3565 768 3626 historias
801 3556 941 3637 suthem
965 3562 1040 3604 effi
1066 3533 1171 3591 W*

118 3665 285 3709 Grammatiece
299 3671 421 3714 Romanae
438 3676 582 3728 fragmenta
606 3677 647 3720 ed.
659 3679 809 3720 Fanniam
902 3654 945 3704 ‘53
