2422 3840
126 165 194 232 480
293 163 502 218 Grammaticee
521 165 623 218 aetatis
642 165 803 236 Augusteee
822 164 980 234 fragmenta

563 360 709 413 FALSUM

616 497 658 552 17

194 603 236 658 ut
273 601 379 675 folia,
421 619 510 676 quae
547 600 729 677 frugibus
767 600 932 659 arboreis
970 601 1146 677 tegmine

127 691 328 768 gignuntur

198 781 271 841 Serv.
286 798 311 850 9.
322 784 347 846 1,
358 783 394 833 55
414 779 535 834 ‘arborei
549 778 623 832 fetus
638 778 718 832 elibi'
734 778 764 832 id
779 779 822 831 eet
835 795 926 846 pcme.
954 780 982 831 et
997 778 1146 832 arboreum

128 851 215 922 [cum]
240 850 329 918 aliqui
353 851 461 906 duobus
484 850 576 905 modis
601 892 606 904 .
632 893 637 904 .
662 893 668 905 .
694 893 699 903 .
724 850 882 918 accipiunt3
910 849 993 902 aliter
1017 851 1093 904 enim
1116 849 1147 903 in

127 922 251 976 Aeneide
267 923 324 993 [12,
333 923 400 994 888]
416 922 450 975 de
464 921 521 975 telo
538 922 648 992 ‘ingens
664 922 831 975 arboreum’.
860 919 1036 974 Cornificius:
1053 940 1080 975 ut
1090 937 1147 976 fona

127 1026 154 1033 -
163 1007 291 1057 gignuntur.
317 1011 379 1048 eum
393 1000 418 1047 et
426 995 536 1063 poetica
549 994 631 1049 cerba
645 1000 670 1047 et
682 994 790 1047 numeri
803 994 835 1045 ie
849 994 910 1047 istis
923 994 987 1058 sict,
999 993 1146 1060 Cornificio

124 1072 232 1133 poetae,
258 1082 314 1119 coc
336 1067 514 1135 qrammatico
538 1072 633 1119 contra
652 1064 801 1134 Berplicm
824 1065 933 1129 tribum
960 1065 1009 1118 ubi
1031 1066 1147 1131 fortasse

126 1136 238 1193 Servius
251 1143 317 1204 post
334 1137 415 1190 uerba
435 1137 477 1190 ‘ct
493 1136 575 1202 fotia'
596 1153 653 1190 eon
671 1137 743 1189 neec
761 1136 858 1189 emisit.

501 1430 764 1517 ARTORIUS

199 1618 268 1685 quin
290 1617 420 1674 Artorius
444 1617 533 1671 Verrii
556 1624 652 1671 auctor
674 1618 745 1671 idem.
767 1617 804 1671 sit
827 1633 859 1670 ac
880 1617 907 1670 0.
927 1617 1059 1671 Artorius
1077 1618 1147 1672 Pre-

128 1689 205 1742 ectus
222 1689 320 1754 rhetor,
339 1689 371 1742 de
390 1706 441 1759 quc
461 1689 537 1755 apud
559 1688 765 1758 Quict.9,1,2
783 1690 884 1743 notitia
905 1695 986 1754 extat,
1011 1689 1083 1742 nihil
1101 1691 1146 1744 ob-

127 1766 182 1812 stat
208 1761 252 1826 (cf.
277 1761 375 1826 Hertz,
402 1760 480 1813 Sine.
502 1759 568 1826 Cap.
590 1777 620 1828 p.
642 1765 694 1826 11,·
721 1762 800 1814 aliter
827 1759 962 1813 FSchoell
987 1758 1025 1812 ad
1050 1760 1146 1814 Placet.

130 1829 189 1884 Oce.
211 1835 282 1892 646).
330 1833 354 1885 is
381 1833 491 1885 tecente
517 1832 573 1897 fere
598 1832 738 1901 Acyustea
767 1838 855 1885 aetate
881 1832 945 1897 fcit.
992 1831 1027 1896 cf.
1052 1831 1147 1896 Klete,

128 1902 320 1972 Pauly-wei.
341 1903 405 1956 RE
425 1902 583 1973 2146111.
621 1904 734 1971 Prosop.
757 1903 821 1970 imp.
841 1903 920 1956 Rom.
944 1900 1146 1972 1,156J977a.

500 2097 775 2164 FRAGMENTA

624 2251 641 2304 1

196 2356 336 2415 Artorius
359 2355 530 2431 procestric,
555 2373 631 2429 quae
655 2356 725 2412 sunt
749 2358 817 2413 ente
842 2357 947 2413 cestre.

200 2455 282 2508 Paul.
297 2455 370 2508 Fect.
383 2471 412 2522 p.
427 2456 538 2519 225,12
556 2452 709 2520 procestrie
727 2484 762 2492 —
781 2452 877 2505 Aelius
896 2453 943 2523 [fr.
959 2452 1018 2522 31];
1042 2465 1147 2508 Artorius

128 2559 154 2567 —
167 2544 246 2580 castra.
282 2526 368 2578 etiem
396 2523 445 2592 qui
467 2542 523 2577 non
546 2523 653 2576 habent
676 2525 781 2589 cestra,
804 2523 1017 2592 propugnacula
1041 2525 1146 2590 quibus

128 2615 178 2666 pro
198 2597 296 2650 cestrie
315 2598 433 2649 utuntur
452 2595 610 2648 aedificent.
645 2594 678 2660 cf.
696 2595 775 2648 Char.
795 2598 1034 2662 exc.p.550,12.
1070 2596 1147 2650 OGL

129 2671 241 2734 11385,
256 2672 300 2721 67.
320 2672 384 2733 381,
398 2672 441 2721 13.
467 2667 493 2720 V
503 2670 565 2732 475,
580 2670 623 2719 54.

622 2801 644 2857 2

196 2906 397 2981 tentipellium
420 2905 558 2963 Artorius
587 2907 677 2980 putat
705 2923 767 2963 esse
796 2903 1024 2962 calciamentum
1052 2905 1147 2963 ferra·

131 2999 205 3068 tum,
230 3014 288 3070 quo
308 2996 399 3070 pelles
421 2994 629 3067 extenduntur,
652 2994 789 3068 idemque
808 2993 965 3050 Afranium
985 2992 1094 3052 dixisse
1114 2995 1147 3051 in

129 3085 236 3145 Promo
268 3077 307 3162 [c.
322 3086 387 3143 281
406 3075 536 3161 Ribb.³]:
569 3077 638 3158 ‘pro
669 3082 805 3141 manibus
834 3082 919 3140 credo
950 3081 1060 3139 habere
1089 3102 1146 3159 ego

129 3174 197 3232 illos
221 3168 446 3248 tentipellium'.

200 3265 230 3317 F
228 3271 271 3317 est.
283 3281 313 3332 Ρ.
325 3267 404 3328 3641,
415 3266 451 3315 16
464 3276 612 3324 tentipellium
626 3293 652 3300 -
666 3275 680 3314 i.
692 3275 846 3323 tentipellium.
876 3259 1033 3312 Titinnium
1048 3264 1146 3316 autem

129 3335 243 3388 Verrius
262 3334 430 3400 existimare,
454 3333 483 3385 id
502 3333 737 3387 medicamentum
761 3348 833 3398 esee,
857 3348 912 3399 quo
934 3347 1022 3400 rugae
1048 3335 1146 3386 exten-

122 3407 234 3475 dentur,
248 3423 311 3460 cum
323 3405 400 3460 dicet
411 3405 447 3479 [c.
456 3409 510 3460 173
520 3403 628 3476 Recte]
645 3402 846 3471 ‘tentipellium
855 3402 1006 3467 inducitur,
1016 3420 1104 3472 rugae
1114 3405 1145 3456 in

107 3493 159 3533 ote
171 3480 391 3551 extenduntur'‚
408 3498 472 3539 cum
488 3477 538 3537 ille
553 3485 694 3550 epomide
710 3474 820 3530 dinent.
848 3474 968 3540 efGGL
983 3475 1092 3541 11196,
1101 3480 1144 3530 54.

168 3577 189 3625 2
207 3573 343 3648 indeque
365 3595 410 3653 eq.
