2422 3840
323 152 421 208 Sevius
438 152 570 208 Nicanor.
607 152 737 208 Aurelius
757 151 867 221 Opillus
1061 152 1102 216 87

94 315 160 371 trab.
186 315 244 370 rna.
269 313 454 386 a.620s134‚
479 331 531 369 cos.
553 332 580 368 o.
596 312 735 384 649J105]
762 313 926 366 damnatum
952 312 982 366 in
1007 313 1104 366 Asiam

93 406 121 442 a.
139 385 253 456 662s92
269 387 312 440 oet
324 385 420 456 insen]
444 387 556 439 secutus
574 384 681 438 ibidem
696 384 830 452 Smyrnae
850 383 989 452 simulque
1009 400 1104 438 conse-

80 457 149 512 nuit
167 457 308 529 [Bantius
321 463 386 526 post
404 475 430 512 o.
450 455 560 529 67os78
581 463 706 511 mutatu
728 456 786 526 est].
819 457 883 510 hinc
905 461 1027 524 ternpore
1049 458 1105 522 fere

80 530 208 584 indicari
231 535 355 598 possunt,
381 527 413 581 rio
437 527 536 596 quibus
557 545 615 582 non
636 534 705 582 recte
730 525 825 581 Osann
849 528 962 594 (Ztsclrr.
981 528 1002 594 f.
1022 528 1103 580 Altrc.

85 605 169 655 1849.
185 603 224 653 25
233 617 263 668 p.
280 601 344 669 194)
359 605 383 654 et
397 599 505 654 Bitsctl
517 600 641 670 (Parerp.
653 616 683 667 p.
697 602 754 652 239
767 601 825 666 sp).
851 599 885 652 de
897 600 1106 652 commoratione

84 672 236 742 Mytilenis
257 687 291 725 oo
314 670 448 741 Smyrnae
470 670 547 737 facto
571 671 607 737 cf.
628 670 681 724 (lic.
704 686 758 738 pro
777 670 858 724 Bolb.
877 673 932 736 28;
959 671 1041 724 Brut.
1060 674 1105 724 85.

88 744 153 798 Tac.
167 760 235 796 ann.
250 745 276 808 4,
286 746 329 796 43.
360 741 434 796 Oros.
450 745 476 808 5,
487 745 522 795 17
539 740 664 795 Rutilius
678 757 789 809 quoque
802 741 845 793 vir
858 741 1056 810 integerrimus
1071 773 1104 780 —

84 813 196 882 peiurio
222 812 349 866 iudicum
377 812 578 867 condemnatus
607 814 662 877 est3
687 812 735 880 qui
758 811 905 880 Smyrnam
929 812 1106 883 conmigrans

85 885 247 938 litterarum
265 883 367 937 studiis
386 885 511 938 intentus
530 885 685 938 consenuit.

156 968 185 1019 3.
212 965 313 1036 Syrum.
328 981 367 1034 ep.
383 970 408 1032 1,
421 968 502 1029 20,2
519 963 569 1018 sed
588 965 633 1017 cui
652 963 762 1017 eveniet
781 965 908 1016 nuttam
928 962 998 1017 felix
1022 963 1104 1016 disei-

82 1034 169 1105 pulus
188 1037 316 1089 nuttam
338 1051 444 1089 memor
463 1033 591 1089 debitor?
627 1053 663 1088 an
681 1035 843 1104 ignoramus
862 1034 995 1102 Magnum
1016 1034 1105 1103 illum,

83 1107 133 1161 cui
152 1123 237 1175 supra
255 1108 351 1161 votum
369 1104 482 1161 fortuna
500 1105 589 1173 fluxit,
610 1106 762 1177 Stagirites
782 1123 831 1160 suo
850 1105 971 1159 nihilum
986 1121 1106 1161 commo-

83 1179 183 1246 dasse,
206 1177 262 1231 nisi
284 1177 352 1245 quia
370 1177 461 1232 Ennio
485 1193 518 1231 ex
537 1177 672 1232 Aetolicis
698 1176 840 1230 manubiis
864 1178 976 1246 captiva
994 1179 1106 1230 tantum

83 1248 214 1318 chlamys
239 1249 348 1302 muneri
379 1249 447 1302 data
472 1249 600 1302 Fulvium
632 1247 792 1303 decolorat?
833 1249 908 1302 enim
931 1265 1106 1316 veronaque

82 1321 223 1376 Panaetio
233 1321 428 1374 Africanorum
442 1320 589 1386 secundus,
604 1336 695 1388 neque
706 1318 800 1388 Opillo
809 1320 934 1372 Rutilius
949 1319 994 1373 vel
1004 1319 1106 1373 Cineae

82 1392 210 1461 Pyrrhus
225 1392 274 1445 aut
289 1391 447 1446 Metrodoro
463 1409 512 1446 suo
527 1391 707 1445 Mithridates
722 1391 855 1444 Ponticus
874 1390 1035 1444 liberalium
1050 1392 1106 1444 dis-

82 1463 256 1533 ciplinarum
273 1463 367 1531 pretia
385 1461 534 1517 solverunt.
858 1471 859 1474 ’

85 1586 322 1642 SCRIPTORUM

159 1682 185 1731 4.
213 1677 286 1731 Suet.
309 1677 342 1730 de
365 1668 482 1759 promtu.
503 1680 521 1730 6
558 1675 641 1728 huius
676 1677 800 1747 [Aurelii
824 1677 920 1747 Opilli]
951 1692 1106 1746 cognomen

82 1749 114 1802 in
129 1746 273 1816 plerisque
286 1747 428 1802 indicibus
443 1750 472 1801 et
485 1746 577 1800 titulis
591 1763 642 1816 per
655 1764 741 1800 unam
753 1746 817 1819 (L)
830 1746 955 1801 litteram
970 1748 1107 1816 scriptum

83 1819 291 1883 animadverto,
306 1835 402 1873 verum
410 1819 472 1888 ipse
480 1819 512 1872 id
526 1834 577 1888 per
587 1819 656 1872 duas
671 1817 791 1872 effertin
804 1818 996 1886 parastichide
1005 1818 1105 1884 libelli,

82 1891 136 1959 qui
150 1890 314 1944 inscribitur
326 1890 421 1958 pinax.
449 1891 482 1944 de
495 1891 654 1944 acrostichis
668 1891 745 1958 opero
758 1891 899 1944 Romanos
913 1892 948 1957 cf.
964 1891 1106 1960 WMcycr,

83 1963 158 2018 Aba.
174 1962 275 2033 Boycr.
291 1962 382 2016 Anao
398 1965 442 2026 17,
456 1965 475 2015 2
489 1978 519 2029 p.
535 1965 598 2015 370.
635 1979 669 2015 cn
681 1964 731 2015 boc
741 1964 842 2029 pinocc
855 1962 940 2015 incisor
955 1962 1106 2016 Plautinus

82 2035 200 2102 fluxuse
216 2034 325 2088 ouon
344 2032 447 2102 (Varro
465 2034 501 2099 fr.
516 2035 572 2101 88).

159 2117 184 2167 5.
208 2113 280 2167 Suet.
290 2112 358 2167 ibid.
373 2112 531 2181 composuit
545 2112 640 2166 variae
654 2112 820 2167 eruditionis
836 2113 945 2180 aliquot
954 2111 1105 2166 volumina.

84 2187 121 2252 cs.
137 2185 173 2251 fr.
190 2190 214 2238 1.

158 2362 271 2416 Aurelii
288 2362 420 2430 reliquias
438 2362 496 2416 coll.
512 2362 612 2432 Eupo,
632 2360 696 2415 Lot.
715 2379 792 2415 scrrn.
811 2369 860 2416 cot.
875 2363 932 2417 rell.
952 2363 996 2416 sol.
1012 2364 1107 2430 (Poris

85 2436 169 2502 1843)
186 2450 214 2502 p.
233 2437 271 2487 27
283 2450 323 2502 sq.
342 2433 379 2499 cf.
399 2432 508 2497 Lernen,
528 2433 699 2500 Sproolrptil.
720 2434 745 2486 rt.
766 2434 822 2487 Alt.
842 2437 944 2499 3,,156.
982 2435 1106 2487 uniuerso

85 2506 121 2572 cf.
136 2504 240 2572 Osann,
254 2506 326 2558 Aur.
343 2503 452 2572 Opilius
466 2504 492 2556 d.
510 2503 712 2558 Grammatilrcr
727 2506 743 2558 l.
759 2521 780 2558 c.
795 2523 837 2558 nr.
847 2509 966 2559 25-28.
992 2505 1106 2570 Bitscbt

86 2578 201 2647 Parere.
221 2581 246 2630 et
267 2591 359 2644 opusc.
373 2576 489 2645 possin
510 2574 601 2642 (locta,
626 2576 821 2644 Pauly-Wiss.
842 2577 902 2630 RE
917 2581 944 2640 2,
959 2576 1105 2646 25146176.

434 2807 471 2872 Β.
494 2807 767 2874 FRAGMENTA

375 2947 556 3001 MUSARUM
574 2947 764 3002 LIBRORUM
783 2949 821 3002 IX

492 3086 509 3139 1
535 3075 568 3159 [1
593 3076 704 3160 Epprr]

156 3189 205 3247 lib.
220 3188 248 3245 I.
285 3187 426 3246 Aurelius
441 3184 558 3262 Opillus
574 3220 615 3227 —
632 3189 798 3263 composuit
812 3191 913 3247 variae
928 3189 1105 3248 eruditionis

88 3277 206 3353 aliquot
228 3276 395 3350 volumina3
425 3277 592 3351 exquibus
616 3296 721 3335 novem
746 3278 833 3335 unius
856 3278 997 3353 corporis,
1025 3272 1104 3356 [qui]

88 3369 160 3442 quia
183 3367 344 3441 scriptores
364 3383 399 3423 ac
421 3368 527 3440 poetas
546 3366 599 3424 sub
620 3366 758 3424 clientela
776 3367 928 3424 Musarum
951 3366 1106 3439 iudicaret,

87 3475 148 3515 non
171 3454 298 3513 absurde
321 3457 352 3512 et
373 3454 478 3512 fecisse
502 3456 533 3512 et
554 3450 783 3534 <in>soripsisse
807 3474 838 3517 se
862 3456 908 3516 ait
931 3476 970 3515 en
989 3473 1121 3514 numero

87 3544 224 3603 dirarum
247 3547 280 3599 et
298 3543 506 3615 appellatione.
