2422 3840
275 189 414 244 Antonius
435 191 587 259 Panurgus.
634 189 662 244 Ο.
680 189 799 260 Valgius
817 188 907 243 Rufus
1032 189 1098 253 483

156 354 182 404 2.
203 350 272 405 Hor.
292 368 374 405 carm.
393 355 420 417 2,
435 355 461 417 9,
476 355 493 405 5
511 349 601 404 amice
619 348 704 419 Valgi
723 351 859 420 Porphyr.
879 348 945 404 ibid.
964 348 1099 420 Valgium

85 421 260 475 consularem
280 422 400 475 amicum
419 439 500 474 suum
519 420 626 474 solatur
643 423 732 474 morte
752 420 868 474 delicati
882 420 962 489 pueri
977 420 1099 491 graviter

85 493 236 547 adfectum.
287 493 321 559 ef.
348 494 484 548 Per-Acro
511 493 578 546 ibid.
602 497 626 546 1.
678 493 793 563 Vulpias
821 492 969 546 Messallam
996 508 1103 560 qaoque

86 565 198 620 corsiae·
216 565 367 630 familiaris
384 565 448 630 fait.
467 565 500 618 de
518 565 576 618 etas
595 569 681 618 aetate
700 564 734 630 cf.
750 565 832 617 etiam
850 570 906 618 tert.
927 568 952 618 3.
972 569 996 617 4.
1017 567 1041 617 5.

157 658 182 707 3.
208 654 300 722 Quint.
315 658 341 719 3,
356 657 381 719 5,
397 657 432 706 17
457 652 677 720 Appollodorus,
705 654 738 706 ut
760 651 992 721 interpretatione
1011 651 1096 722 Valgi

85 723 218 791 discipuli
237 725 296 777 eius
315 728 379 778 utar
397 724 432 790 cf.
451 731 507 779 test.
527 729 553 778 8.

156 818 181 866 4.
206 815 321 883 Vatpe'as
338 815 432 868 coarat
454 813 511 880 fait
529 831 554 866 a.
571 813 671 882 742s12
689 830 750 867 cam
769 813 797 868 0.
815 813 937 880 Sulpicio
959 811 1097 881 (latrinis,

84 886 147 951 eaff.
167 887 197 939 ia
219 886 236 940 l.
252 887 294 939 M.
315 886 420 939 Valerii
438 885 583 938 Messallae
601 885 730 939 Barbati.
774 884 808 949 cf.
828 889 918 938 teat2
940 890 966 938 et
984 884 1097 952 Prosop.

84 958 149 1024 turp.
169 956 247 1010 Rosa.
268 961 293 1022 3,
308 956 441 1027 382f169.

157 1049 181 1098 5.
202 1046 276 1098 Pae.
302 1046 374 1099 1171.
397 1048 475 1110 25,4
507 1042 593 1098 Gaius
618 1043 737 1114 Valgius
768 1043 925 1097 eruditione
954 1045 1097 1112 spectatus

85 1118 188 1187 Paaep.
204 1118 242 1169 ad
256 1117 338 1170 Mese,
354 1120 407 1170 179
426 1115 537 1184 (Titan.
553 1118 616 1185 4,1)
636 1119 678 1168 est
696 1114 750 1168 tibi
765 1115 814 1183 qui
832 1115 922 1183 possit
941 1115 1051 1184 magnis
1068 1133 1097 1169 so

85 1188 229 1254 accingere
248 1187 330 1240 rebus
351 1187 365 1259 s
380 1186 512 1256 Valgius,
538 1189 652 1240 aeterno
670 1187 785 1255 propior
803 1203 859 1240 non
878 1185 950 1239 alter
968 1186 1097 1241 Homero

84 1260 118 1324 cs.
143 1261 213 1313 Hor.
240 1276 321 1313 cama.
344 1262 372 1324 2,
387 1262 413 1324 9,
428 1262 472 1312 13.
522 1259 560 1312 id.
586 1266 636 1314 sat.
658 1263 682 1324 1,
698 1263 741 1324 10,
754 1263 790 1312 81
823 1258 975 1381 Reaamerat
1003 1265 1097 1327 poetas

83 1332 241 1384 recentiores
259 1333 373 1398 optimos
390 1337 470 1397 atque
487 1331 642 1384 carariaara
664 1330 778 1399 iudices]
806 1328 915 1383 Potius
939 1331 968 1382 et
985 1328 1097 1394 Varius,

84 1401 232 1455 Maecenas
261 1400 457 1470 Vergiliusque
485 1401 499 1471 J
528 1399 646 1470 Valgius
675 1403 703 1456 ct
734 1400 835 1469 probet
866 1400 937 1454 hacc
965 1397 1097 1453 Octavius

85 1473 208 1541 optimus
228 1474 312 1541 atque
334 1472 348 1542 J
371 1471 485 1525 Fuscus.

85 1596 315 1649 SCRIPTORUM

156 1690 179 1739 6.
200 1686 336 1739 Ρε-Αονο
359 1701 441 1738 carm.
463 1688 490 1750 2,
506 1688 564 1749 9,9
597 1683 754 1737 ‘flebilibus
782 1684 889 1737 modis'
919 1684 986 1752 quia
1013 1686 1098 1753 poeta

84 1759 144 1809 erat
170 1755 287 1824 Valgius
316 1757 344 1808 et
375 1754 574 1827 m<a>erorem
607 1772 688 1808 suum
717 1756 854 1809 luctuosis
887 1754 1097 1809 carminibus

84 1826 236 1879 solabatur.
269 1828 339 1880 Hor.
354 1843 436 1880 carm.
451 1831 478 1892 2,
489 1831 542 1892 9,9
559 1827 592 1879 tu
606 1843 715 1894 semper
729 1844 812 1895 urges
826 1825 968 1880 flebilibus
981 1827 1073 1880 modis
1086 1827 1100 1899 χ’

84 1898 195 1964 Mysten
215 1899 378 1966 ademptum
392 1929 426 1937 -
442 1902 476 1951 17
491 1897 586 1950 desine
605 1896 732 1950 mollium
749 1899 762 1970 s
777 1898 893 1950 tandem
912 1897 1095 1965 querelarum.

84 1968 156 2022 Sera.
176 1969 253 2022 Dea.
272 1971 330 2024 tae.
351 1974 376 2035 7,
389 1972 427 2023 22
455 1967 560 2022 Codrus
579 1969 664 2037 poeta
683 1969 807 2022 eiusdem
825 1968 960 2037 temporis
979 1968 1044 2035 fuit,
1065 1971 1097 2024 ut

84 2038 201 2108 Valgius
225 2041 255 2091 in
281 2040 405 2108 elegiis
431 2039 489 2093 suis
512 2039 605 2094 refert.
650 2041 685 2106 cf.
709 2040 795 2094 Sobel,
816 2040 911 2094 Veroa.
936 2041 1002 2095 ecia.
1021 2041 1094 2096 Serv.

83 2112 152 2165 Aea.
174 2117 215 2178 11,
230 2116 293 2165 457.
328 2113 483 2182 fragmenta
501 2118 567 2166 aaut
584 2129 629 2180 ep.
649 2111 798 2178 Baehrens,
817 2110 909 2167 FPR
924 2129 952 2180 p.
968 2116 1029 2166 342.

156 2205 180 2254 7.
201 2200 280 2254 Cleua.
295 2217 326 2270 p.
341 2205 402 2265 108,
418 2204 435 2254 7
453 2199 572 2270 Valgius
591 2200 621 2252 in
645 2199 891 2270 epigrammate
915 2217 954 2254 aa
973 2200 1095 2255 bucolica

82 2273 164 2326 etiam
182 2271 310 2340 arrepsit?
329 2271 373 2339 (cf.
391 2273 480 2342 Uesper
497 2271 564 2325 ibid.
579 2289 610 2340 p.
624 2272 737 2339 283sq.)

154 2365 179 2415 8.
202 2361 294 2430 Quint.
309 2365 335 2426 3,
350 2366 375 2426 1,
390 2366 425 2414 18
447 2361 497 2414 sed
515 2359 719 2428 Apollodori
742 2362 931 2428 praecepta
949 2361 1040 2431 magis
1060 2379 1093 2415 ex

83 2431 230 2500 discipulis
254 2448 418 2502 cognoscas,
443 2448 560 2499 quorum
579 2430 813 2499 diligentissimus
836 2430 866 2483 in
884 2432 1022 2485 tradendo
1040 2431 1096 2485 fuit

82 2502 170 2556 latine
195 2501 223 2557 C.
242 2502 374 2574 Valgius,
403 2519 502 2572 graece
526 2502 645 2556 Atticus.
689 2504 724 2569 ef.
749 2502 816 2556 ibid.
836 2507 862 2569 3,
877 2506 902 2569 5,
918 2507 952 2556 17
977 2505 1042 2571 (test.
1058 2506 1093 2572 3).

83 2578 109 2640 5,
123 2580 168 2640 10,
182 2579 207 2628 1.
244 2576 337 2629 uam.
352 2591 382 2643 p.
398 2579 462 2640 esa,
478 2578 495 2626 e
513 2573 557 2643 (e).

154 2668 179 2716 9.
200 2663 275 2719 Ple‘a,
288 2681 316 2717 a.
331 2664 356 2716 le.
375 2666 453 2728 25,4
477 2664 542 2731 post
566 2680 629 2715 eum
656 2661 807 2734 [Catonem]
833 2679 905 2715 unus
930 2662 1094 2717 inlustrium

82 2735 233 2802 temptavit
255 2734 341 2787 Gaius
366 2732 486 2803 Valgius
505 2765 538 2773 -
557 2732 712 2801 inperfecto
735 2733 876 2787 volumine
905 2734 954 2804 [de
971 2735 1093 2806 herbis]

83 2806 119 2858 ad
138 2806 234 2858 divum
252 2805 419 2874 Augustum,
438 2803 570 2858 inchoata
588 2805 674 2857 etiam
697 2804 873 2872 praefatione
891 2804 1036 2876 religiosa,
1061 2810 1093 2859 ut

82 2877 211 2930 omnibus
239 2876 321 2929 malis
349 2876 478 2929 humanis
506 2875 583 2928 illius
609 2875 789 2944 potissimum
816 2875 953 2944 principis
983 2894 1094 2946 semper

82 2948 241 3001 mederetur
263 2947 405 3000 maiestas.
439 2947 553 3017 Valpias
575 2947 668 3001 Pliae'e'
690 2949 772 3001 etiam
795 2953 891 3002 cador
907 2949 964 3016 fait
981 2949 1013 3003 e'a
1031 2951 1092 3003 tter.

83 3020 309 3073 XX-XXVII
323 3019 364 3088 (de
382 3020 470 3073 herbis
488 3025 512 3072 et
530 3019 684 3087 medicina).

422 3233 458 3298 B.
481 3231 754 3299 FRAGMENTA

237 3392 285 3444 uu
303 3391 420 3445 ausus
440 3391 511 3444 rua
529 3389 735 3444 urrsrunrrr
754 3390 942 3455 carusius

152 3518 186 3583 cf.
210 3519 296 3571 Varro
317 3518 381 3572 Tiro
401 3517 520 3573 Streniae
543 3535 648 3588 capra,
676 3518 829 3586 apamias
854 3529 905 3579 op.
922 3510 1021 3570 Dios·
1035 3502 1148 3552 baara.

71 3593 114 3652 Ιθ,
129 3592 169 3640 35
184 3590 316 3656 resulte'qae
333 3590 388 3644 ale'e'

880 3666 941 3720 ‘bi'
