2422 3840
429 170 459 225 P.
478 171 611 242 Nigidius
630 160 759 242 Nigulus
1031 170 1094 236 171

78 333 158 388 aliud
178 333 222 386 est
240 332 315 401 quod
334 331 421 386 simili
444 331 581 385 inclinatu
606 331 723 386 dicatur.
767 349 822 386 non
842 330 917 385 enim
942 330 1035 386 simile
1054 333 1097 385 est

76 407 110 459 ut
128 404 242 458 vinosus
268 405 318 457 aut
340 403 457 457 vitiosus
484 404 641 472 ceteraque,
669 419 741 472 quae
767 402 821 456 hoo
846 402 930 457 modo
956 403 1096 469 dicuntia,

15 497 18 502 ·
78 476 212 545 quoniam
236 493 254 528 a
276 474 434 540 vocabulis,
461 492 518 528 non
541 492 558 527 a
579 474 665 534 verbo
688 473 826 528 inclinata
850 476 923 528 sunt.
962 473 1096 527 Laberius

76 547 108 600 in
131 547 227 612 mimo,
256 546 305 614 qui
330 545 472 600 Salinator
496 545 648 614 inscriptus
673 547 724 613 est,
751 544 838 599 verbo
863 545 917 599 hoo
940 545 982 600 ita
1007 545 1098 599 utitur

77 620 114 691 [o.
134 623 173 672 80
188 616 308 689 Ribb.⁸]:
343 618 410 670 ‘non
437 634 592 671 mammosa
619 633 675 670 non
703 634 809 671 annosa
834 633 889 670 non
915 615 1016 670 bibosa
1040 633 1098 670 non

76 689 202 759 proeax'.
232 690 267 755 of.
283 688 364 743 CGL
374 690 413 743 II
422 692 483 754 414,
493 692 539 742 48.
567 689 716 743 Laberiiae
730 689 979 759 oersaeaNiqidio
994 689 1098 743 allatas

75 763 114 816 sit
128 761 223 815 dubito
238 759 282 829 (of.
294 760 480 814 Kretzscama·
494 760 559 814 ibid.
571 778 601 829 p.
613 763 648 812 55
662 766 688 814 et
700 765 796 813 eontra
807 759 926 830 Roelaiq
941 761 957 814 l.
968 776 990 814 e.
1001 763 1096 829 1³12).

77 833 111 888 de
129 833 304 887 collocatione
322 832 405 886 baius
422 830 457 896 fr.
477 833 511 897 of.
530 832 566 897 fr.
582 836 608 897 4,
627 831 673 885 oui
689 832 807 897 fortasse
825 831 1035 902 adiungendum
1051 838 1096 886 eat.

516 1001 561 1058 27
585 992 656 1077 [62]

146 1122 264 1202 φορβή
292 1119 452 1201 (herba).
500 1123 560 1182 sod
587 1126 695 1182 antea
723 1122 820 1182 fibra
843 1123 942 1181 dieta
965 1126 1031 1198 est,
1058 1126 1098 1182 ut

77 1231 171 1272 nuno
194 1214 305 1272 etiam
327 1212 461 1271 rustici
484 1212 618 1270 dieunt.

150 1311 527 1380 Sero.Daa.9eor9.1,120
546 1311 586 1364 ‘et
605 1310 708 1363 amaris
722 1309 814 1363 intiba
828 1309 918 1363 fibris‘
939 1344 946 1378 ,
967 1349 973 1363 .
994 1351 1000 1364 .
1021 1352 1027 1363 .
1047 1309 1097 1362 alii

77 1382 163 1436 fibras
181 1381 294 1451 proprie
314 1381 413 1435 dieunt
430 1381 472 1435 rei
491 1381 625 1449 cuiusque
645 1381 836 1435 extremitates
855 1412 897 1436 -.
944 1380 993 1434 alii
1012 1380 1096 1435 fibras

77 1453 180 1507 herbas
199 1453 341 1519 adserunt,
360 1454 393 1506 ut
408 1451 542 1523 Nigidius
562 1453 762 1506 commentario
781 1452 1001 1522 grammaticali:
1021 1462 1098 1521 φορμή

77 1556 105 1565 -
120 1538 204 1580 noune
236 1525 271 1591 ef.
291 1526 375 1579 Paul.
395 1524 469 1579 Fert.
485 1542 515 1593 p.
530 1529 574 1590 84,
589 1528 613 1578 4.
634 1528 680 1591 90,
694 1528 719 1578 3.
753 1525 821 1578 Isia.
842 1539 880 1578 or.
901 1527 1061 1590 11,1,126.

123 1631 274 1758 &ohlqrba
301 1631 366 1685 add.
395 1631 583 1686 commotione.
629 1631 664 1696 of.
693 1631 856 1697 Salmasius,
883 1632 990 1685 ceored,
1020 1631 1096 1685 Plio.

73 1720 104 1774 p.
229 1746 234 1756 .

516 1818 561 1876 22
585 1810 656 1895 [50]

145 1943 263 2000 frater
285 1944 340 2000 est
364 1941 482 2000 dietus
506 1942 610 2017 quasi
633 1942 707 2000 fere
731 1941 826 1999 alter

85 2034 98 2042 '
153 2039 221 2094 Geli.
238 2044 363 2106 13,10,4
381 2038 477 2093 fratris
492 2041 587 2093 autem
601 2038 768 2093 vocabulum
787 2039 816 2093 P.
835 2038 969 2108 Nigidius
989 2070 1022 2078 -
1041 2056 1098 2092 non

78 2111 172 2165 minus
192 2114 291 2182 arguto
312 2110 465 2179 subtilique
485 2110 573 2183 ἐτύμῳ
600 2111 695 2182 [qaam
713 2111 807 2166 Labeo
825 2112 892 2165 Aut.
911 2112 947 2177 fr.
964 2111 992 2181 7]
1012 2110 1097 2163 inten-

78 2182 219 2252 pietatum
238 2197 308 2236 irater
321 2181 416 2250 inquit
429 2199 498 2236 est—
508 2197 569 2236 aar.
603 2182 678 2236 Noa.
690 2199 718 2249 p.
735 2185 778 2249 35,
789 2179 826 2236 32
840 2180 958 2235 fratrum
972 2181 1096 2250 proprie-

78 2256 170 2308 tatem
191 2252 325 2323 Nigidius
349 2252 512 2307 aoutissime
536 2253 621 2307 dixit:
647 2267 763 2308 aaaron
787 2253 881 2320 inquit
908 2267 981 2307 notus
994 2283 1022 2291 -
1035 2267 1097 2306 alter.

79 2328 124 2394 (=
143 2325 217 2379 Feot.
243 2342 272 2393 p.
292 2328 336 2390 90,
353 2329 377 2378 7.
426 2325 545 2380 ooLV
566 2328 629 2390 659,
644 2327 698 2393 47).
745 2327 779 2392 of,
810 2325 1096 2390 Maorob.1,17,65.

77 2397 182 2450 Aaeod.
202 2396 240 2450 H.
264 2414 294 2465 p.
319 2400 384 2462 238,
398 2400 445 2450 28.
496 2395 583 2451 Glooa.
613 2396 695 2463 Reiffi
720 2399 757 2450 43
791 2396 854 2465 (Ru.
884 2395 960 2450 Mus.
986 2397 1096 2463 16,11).

80 2468 146 2522 laid.
166 2483 204 2522 or.
224 2470 251 2533 9,
266 2472 292 2533 6,
307 2471 331 2521 5.

515 2619 559 2677 22
585 2611 656 2695 [47]

146 2741 320 2801 infestum
355 2745 409 2801 est
441 2760 459 2799 a
491 2740 700 2800 festinando
734 2741 886 2816 diotum3
923 2759 1003 2799 nam
1036 2740 1097 2814 qui

77 2833 196 2891 instat
223 2831 336 2891 alioui
359 2849 507 2906 eumque
530 2848 728 2906 properans
751 2833 858 2907 urget
881 2831 1097 2905 opprimere-

80 2939 146 2994 que
169 2939 245 2978 eum
273 2919 396 2978 studet
423 2919 662 2994 festinatque,
693 2921 755 2976 aut
778 2921 905 2977 eontra
928 2918 968 2976 de
992 2919 1096 2976 ouius

78 3008 242 3084 periculo
267 3012 301 3067 et
324 3010 436 3068 exitio
465 3009 673 3082 festinatur,
701 3007 731 3065 is
758 3010 911 3083 uterque
938 3007 1096 3065 infestus

79 3097 217 3156 dieitur
248 3098 292 3156 ab
324 3098 508 3156 instantia
541 3100 648 3171 atque
680 3096 909 3155 imminentia
945 3095 1099 3171 fraudis
1125 3115 1137 3154 5

79 3205 184 3262 quem
206 3187 264 3245 vol
287 3188 452 3246 facturus
476 3187 633 3259 cuipiam
656 3187 714 3244 vel
736 3204 909 3261 passurus
934 3187 995 3244 est.

154 3285 221 3339 Geli.
238 3290 263 3351 9,
280 3290 323 3351 12,
338 3290 355 3339 6
373 3301 423 3338 nos
438 3284 527 3353 igitur
540 3284 575 3337 de
590 3282 699 3354 origine
713 3285 742 3337 et
755 3284 865 3338 ratione
884 3282 963 3336 verbi
982 3298 1098 3350 quaero-

79 3356 179 3409 bamus
199 3358 284 3423 atque
303 3355 345 3409 ita
363 3355 394 3409 in
412 3354 575 3425 Nigidianis
599 3354 733 3424 seriptum
756 3354 925 3408 invenimus:
952 3368 1057 3408 infestum
1072 3385 1098 3392 -

78 3441 149 3481 instat
165 3427 259 3494 inquit
277 3441 346 3481 annui
360 3459 386 3466 —
399 3452 505 3490 passurus
519 3444 558 3481 aas
600 3427 674 3480 Noa.
689 3444 720 3495 p.
740 3431 834 3490 51,16
856 3424 955 3478 infesti
973 3424 1097 3493 proprie·

78 3500 165 3553 tatem
186 3497 259 3552 hano
278 3514 338 3552 esse
357 3497 490 3568 Nigidius
513 3497 611 3565 voluit,
637 3497 721 3567 quasi
737 3495 865 3552 nimium
883 3495 1058 3550 destinantis
1073 3493 1120 3543 ab

78 3568 169 3623 seelus
187 3569 230 3622 rel
248 3569 286 3622 ad
302 3568 439 3626 fraudem.
478 3570 514 3639 effi
533 3572 612 3629 Noa.
631 3589 660 3644 p.
681 3576 810 3642 129,12.
852 3567 980 3626 OGLV
1003 3562 1140 3624 enome-
