2422 3840
293 176 406 230 Fabius.
445 175 565 230 Cincius.
603 176 749 232 Carvilius.
787 178 894 233 Ennius
1083 181 1103 242 3

334 425 336 430 ,
393 338 468 424 SP.
502 338 794 425 OARVILIUS

199 461 231 517 de
250 464 308 516 eius
327 468 414 516 555555
433 479 466 516 55
484 461 663 527 5555555555.
683 463 728 516 De
747 464 803 517 5555.
824 465 874 518 litt.
894 470 950 519 5555.
969 469 989 518 2
1016 536 1018 540 Ι

459 568 728 635 TESTIMONIA

91 663 98 671 ⁴
158 679 186 733 1.
213 676 290 733 Plut.
314 674 479 746 55555515
498 675 538 733 54
571 672 602 734 τὸ
622 697 640 733 u
662 673 736 754 πρὸς
760 674 791 736 τὸ
811 699 829 754 y
852 674 1025 755 συγγένειαν
1048 677 1104 756 ἔχει

83 755 149 843 παρ’
179 761 281 834 αὐτοῖς
318 758 499 842 [Romuleis]
559 759 615 838 ὀψὲ
648 760 703 843 γὰο
733 761 893 843 ἐχρήσαντο
929 772 969 824 555
1001 765 1103 845 γάμμα

82 852 249 931 Καρβιλίου
272 852 408 932 Σπορίου
432 851 687 930 προσεξευρόντος.
731 855 795 912 Ter
819 853 923 912 Scuur.
941 874 974 928 p.
996 855 1143 955 1516

84 961 102 999 a
122 941 230 1017 Spurio
250 940 381 1000 Carvilio
405 961 514 1001 novam
537 943 665 1000 formam
685 941 710 1000 G
730 943 850 1001 litterae
873 946 1057 1019 propositam

155 1023 221 1077 baec
245 1021 351 1076 iudicia
374 1030 429 1076 ct
418 1023 507 1076 titulis
532 1023 743 1089 confirmamur,
769 1025 818 1091 qui
845 1024 871 1078 G
896 1025 1015 1080 litteram
1040 1031 1103 1080 55555

85 1094 259 1148 0555551555
216 1110 248 1147 55
249 1100 329 1148 tatem
343 1110 400 1147 5555
412 1094 551 1176 praebeat.
582 1095 655 1162 55555
669 1099 760 1152 autem
773 1096 883 1149 5555555
898 1096 973 1166 (ibid.
986 1100 1040 1150 157
1053 1100 1103 1165 55)

81 1166 155 1218 555555
171 1167 324 1233 scripturae
346 1166 525 1219 mutationem
544 1165 638 1230 eidem,
662 1167 710 1233 qui
728 1166 779 1219 Ze
794 1167 891 1227 15555555
909 1168 1024 1222 Laruis
1042 1170 1102 1222 cbs·

82 1237 156 1301 555555,
137 1237 277 1304 55155555
302 1237 418 1291 Claudio
441 1237 617 1291 5555555555
618 1237 695 1301 555555,
719 1238 770 1290 boc
785 1240 967 1292 necessarium
985 1256 1042 1292 5555
1056 1246 1100 1294 555.

81 1309 117 1373 ef.
137 1307 269 1372 15Η5555,
289 1309 354 1362 Rev.
380 1308 411 1361 de
425 1308 534 1375 5555552
553 1309 748 1376 (18715515
766 1325 803 1376 55.
824 1316 967 1376 praeterea
986 1311 1102 1376 Ritsebi,

82 1396 125 1447 op.
146 1381 242 1443 4226
259 1395 296 1446 55
318 1379 408 1445 Gertz,
429 1379 621 1447 Ρο555-15555.
642 1380 744 1445 15153,
764 1380 873 1451 162955.

155 1465 172 1511 4
191 1456 311 1512 Carvilio
327 1458 487 1513 Schneider:
502 1457 624 1512 cornutio
638 1475 686 1512 em.
702 1475 771 1511 carr.
786 1460 872 1513 Beru.
901 1460 1022 1513 caruttio
1037 1463 1100 1515 Pul.

82 1544 172 1582 novae
191 1531 275 1583 Beru.
357 1529 531 1598 propositam
549 1531 662 1597 scripsi:
686 1532 874 1598 praep-codd.
893 1530 1016 1599 positam
1035 1533 1102 1586 Keil

521 1626 666 1680 DUBIUM

153 1719 200 1772 1‘2.
242 1716 527 1784 1555551412
548 1716 569 1772 k
591 1715 724 1775 litteram
749 1715 869 1774 Salvius
893 1715 1102 1793 ludimagister

81 1807 197 1880 primus
212 1803 328 1864 Latinis
348 1803 465 1879 adiecit,
484 1807 565 1871 utin
579 1823 651 1869 sono
666 1803 824 1863 discrimen
843 1805 955 1863 faceret
974 1806 1101 1864 duarum

81 1894 254 1952 litterarum
273 1912 288 1951 c
304 1896 337 1952 et
356 1913 383 1968 q.
422 1912 497 1969 quae
520 1893 587 1950 ideo
611 1911 796 1968 supervacua
819 1893 937 1968 dicitur,
961 1897 1032 1969 quia
1054 1915 1100 1952 ex-

82 1985 177 2057 ceptis
196 1982 338 2041 Kalendis
361 2001 546 2058 supervacua
568 1982 733 2056 iudicatum
756 2001 809 2057 per
829 2001 843 2040 c
863 1985 942 2041 enim
961 1986 1099 2042 universa

83 2073 285 2146 exprimimus.
330 2064 406 2130 Pete.
431 2072 518 2130 Dice.
540 2070 636 2130 OGK
650 2071 672 2127 1
677 2072 704 2128 V
717 2073 791 2139 334,
805 2073 850 2129 22
873 2090 943 2130 sane
967 2073 1100 2131 litteram

80 2162 102 2217 k
126 2160 245 2219 Salvius
275 2162 419 2237 magister
448 2160 562 2235 primus
589 2159 732 2246 Romanis
762 2159 880 2233 adiecit,
910 2163 944 2218 ut
971 2163 1002 2218 in
1027 2180 1099 2220 sono

82 2249 209 2307 duarum
232 2249 440 2309 discretionem
459 2251 570 2312 faceret
588 2248 607 2305 b
627 2251 657 2306 et
677 2268 708 2323 q3
733 2249 814 2324 quod
831 2250 898 2307 ideo
918 2269 1099 2325 supervacue

81 2338 221 2397 dieantur
244 2339 324 2413 quod
347 2340 475 2413 exeeptis
498 2337 641 2396 Kalendis
665 2338 816 2412 superflua
830 2338 1008 2405 ,videantur

153 2420 204 2473 sub
222 2421 332 2474 55555555
350 2419 439 2474 Saleii
455 2419 582 2488 55555555
599 2419 640 2472 555
657 2418 787 2484 Salustii,
805 2426 838 2473 55
855 2420 887 2472 iu
907 2419 960 2472 (555.
977 2425 992 2473 1
1012 2427 1037 2474 et
1054 2437 1099 2474 su-

77 2507 185 2558 prascr.
205 2492 237 2543 555
256 2491 309 2544 cu.
324 2495 344 2544 2
362 2492 469 2559 5555555,
490 2490 606 2548 Caruilii
622 2506 720 2544 55555555
739 2491 822 2543 555555
835 2497 914 2559 puto,
933 2493 1034 2559 quippe
1051 2494 1101 2559 555

83 2561 109 2615 G
123 2562 272 2629 ucuK,t
240 2567 272 2615 55
281 2578 405 2629 peruerse
419 2560 546 2615 Isidorus
559 2560 655 2624 5555555,
669 2562 784 2614 15555555
797 2563 895 2614 litteris
908 2563 1053 2628 adiecerit;
1074 2564 1099 2618 G

81 2635 154 2688 55555
172 2634 258 2687 scium
277 2650 310 2686 55
329 2633 528 2700 antiquissimis
545 2604 666 2702 ’5555555555
684 2633 820 2686 elementis
838 2634 958 2698 5555555,
984 2640 1023 2698 55,
1042 2650 1099 2688 5555

81 2705 210 2758 aliteri
181 2711 261 2771 555555
280 2704 411 2771 cpudt
370 2705 511 2768 Etruscos,
532 2704 554 2758 0
566 2704 695 2757 555555555
696 2720 772 2757 55555
787 2704 871 2757 daret.
900 2675 972 2757 adde
986 2705 1099 2758 eaedem

17 2777 18 2780 ’
80 2777 225 2843 utriusque
234 2776 355 2830 auctoris
364 2775 454 2843 Saleii
462 2745 580 2829 55515555Ι
546 2782 609 2828 55555
619 2781 643 2827 55
655 2775 772 2829 Caruilii
780 2775 975 2842 professicueue
986 2776 1100 2829 doeeudi

80 2852 105 2900 55
125 2847 158 2900 de
175 2847 285 2900 55555555
305 2846 466 2900 85155555
487 2847 521 2912 ef.
540 2862 626 2913 supra
646 2846 745 2900 ‘tCuru
735 2846 812 2898 iiius’
833 2846 895 2899 Pal
914 2847 971 2900 eod
991 2847 1097 2915 Securi.

153 2925 261 2980 Ritsebi
288 2930 341 2995 (cp.
365 2930 391 2993 4,
404 2927 472 2994 228)
498 2943 518 2978 u
543 2928 624 2980 555555
653 2927 771 2979 litteram
793 2941 846 2992 pro
871 2942 896 2990 0,
923 2927 936 2978 i
955 2943 1008 2993 pro
1032 2943 1045 2978 e
1068 2927 1105 2985 555Ι

80 2998 268 3051 declinaturus
277 2998 516 3051 terueiuciieuibus
524 3015 542 3049 a
549 2997 668 3052 05555555
675 2996 909 3064 prirnuuepositas
916 3013 970 3050 esse
977 2999 1098 3051 ccuieeit.

80 3069 114 3135 ef.
136 3069 264 3133 Ribbeck,
282 3069 374 3123 Fiecb
393 3069 506 3122 5555555.
526 3072 569 3136 75,
585 3072 646 3121 312.

445 3221 488 3324 Q.
521 3218 734 3305 ENNIUS
832 3249 833 3252 ‘

152 3367 237 3416 uatus
259 3361 363 3416 Rudiis
386 3379 411 3415 c.
432 3361 767 3432 51552391155555555555
788 3360 889 3414 055555
915 3367 1052 3428 quaesiere
1070 3379 1097 3414 a.

81 3433 202 3505 5505204
220 3434 302 3498 veuit,
320 3434 371 3487 ubi
384 3433 491 3486 15555555
511 3433 609 3514 liupuni
628 3433 793 3500 5555555515
804 3431 864 3485 lud.
879 3432 988 3499 55551),·
1001 3438 1098 3500 postea

79 3520 142 3557 eum
167 3505 210 3558 M
229 3473 333 3558 Fuluio
355 3504 532 3558 Nobiliore
520 3520 552 3555 555
579 3504 690 3557 Aetolia
718 3503 859 3567 militavit,
889 3520 906 3554 5
933 3503 1012 3555 cuius
1040 3503 1100 3567 55155

83 3575 186 3679 Quinte
204 3576 313 3630 55555555
331 3593 357 3629 5.
378 3576 500 3646 5705184
518 3575 638 3628 deuotus
657 3581 702 3629 555.
736 3581 862 3630 55555555
877 3579 923 3628 est
941 3592 970 3627 u
990 3570 1117 3641 5855555

867 3664 900 3719 fs
