2422 3840
131 182 197 247 544
297 183 502 237 Grammaticus
522 184 624 237 aetatis
643 183 805 253 Augusteae
823 183 983 252 fragmenta

407 397 648 464 PHRHLLIUS
671 397 867 464 FAUSTUS

197 563 274 623 Suet.
298 565 359 623 rell.
378 583 410 637 p.
428 567 470 624 65
488 565 524 623 R.
558 565 700 624 Perellius
725 563 855 622 Faustus
886 565 968 622 furta
999 567 1148 624 contraxit

132 648 294 733 [Verpiiii]

201 762 239 814 id.
259 762 325 815 ibid
340 779 371 830 p.
391 766 427 816 66
452 762 588 816 Asconius
607 761 747 814 Pedianus
770 760 855 826 libro,
880 778 963 827 quem
983 763 1081 815 contra
1100 761 1148 816 ob-

130 833 295 887 trectatores
314 831 434 902 Vergilii
457 833 582 901 scripsit,
608 849 698 901 pauca
722 832 873 887 admodum
899 832 1012 886 obiecta
1035 833 1062 887 ei
1085 850 1147 902 pro·

129 902 211 971 ponit
230 919 319 972 eaque
339 904 412 957 circa
431 903 579 959 historiam
597 903 656 957 fere
674 905 703 956 et
722 903 797 970 quod
815 903 950 972 pleraque
970 903 1006 957 ab
1026 903 1147 958 Homero

130 975 303 1042 sumpsisset,
323 976 372 1030 sed
391 975 443 1028 hoc
462 975 555 1043 ipsum
574 975 679 1028 crimen
698 975 738 1028 sic
757 974 906 1028 defendere
932 977 1076 1028 assuetum
1099 976 1148 1042 aie,

130 1061 179 1098 cur
202 1063 257 1100 non
283 1045 327 1098 illi
351 1061 461 1114 quoque
485 1047 583 1100 eadem
606 1046 682 1100 furta
700 1047 885 1114 temptarent3
904 1063 1001 1100 verum
1019 1045 1147 1101 intellec-

129 1119 207 1170 turos
230 1117 342 1171 facilius
367 1135 425 1171 esse
449 1116 563 1171 Herculi
586 1117 694 1172 clavam
718 1133 802 1185 quam
821 1117 942 1172 Homero
955 1134 1068 1172 versum
1083 1119 1147 1172 sub·

129 1187 228 1256 ripere.
266 1190 301 1255 cf.
321 1190 447 1256 Ribbeck,
460 1191 564 1260 prolep.
585 1190 622 1243 od
642 1191 718 1259 Verp.
733 1207 763 1258 p.
784 1193 830 1242 99.
850 1193 911 1243 112.

200 1315 298 1438 gentile
316 1312 414 1368 uomere
431 1315 463 1366 iu
481 1315 571 1368 titulis
583 1316 694 1382 saepius
706 1314 836 1368 scribitur
850 1311 974 1366 Perelius
1047 1313 1147 1367 fausti-

128 1401 181 1437 nus
222 1403 284 1456 cup.

388 1565 423 1642 Q.
449 1563 683 1631 OCTAVIUS
709 1563 886 1630 AVITUS

194 1729 271 1789 saer.
291 1733 352 1790 rell.
370 1749 402 1804 p.
424 1732 520 1789 6511.
545 1731 597 1790 sed
620 1735 649 1790 et
675 1730 707 1800 Q.
730 1731 837 1790 Octavi
855 1730 940 1790 Aviti
963 1728 1147 1808 ὁμοιοτήτων

129 1823 195 1878 octo
210 1821 371 1895 volumina,
391 1839 464 1895 quos
484 1824 513 1878 et
532 1822 610 1879 unde
628 1839 730 1881 versus
749 1821 938 1879 transtulerit
957 1815 1147 1900 [vapulari

128 1910 288 1968 continent.

199 2034 299 2083 uersus,
319 2034 385 2086 quos
409 2018 545 2088 Verpiliue
568 2019 681 2071 aliunde
694 2018 802 2085 petiuit,
817 2018 1020 2086 iuvestipuutwr
1039 2035 1057 2072 a
1072 2019 1145 2073 Serv.

128 2087 197 2144 Aeo.
218 2094 243 2154 1,
263 2093 323 2143 140.
342 2092 406 2142 224.
425 2093 453 2153 2,
471 2093 534 2142 241.
553 2093 615 2143 274.
635 2094 661 2154 4,
680 2093 740 2142 404.
761 2093 787 2154 6,
800 2091 862 2142 219.
879 2091 940 2142 625.
957 2092 1020 2142 845.
1041 2094 1069 2155 8,
1085 2094 1146 2144 631.

128 2163 236 2224 9,163.
260 2164 324 2215 225.
349 2165 410 2213 501.
440 2165 563 2225 11),1()4.
589 2165 650 2214 396.
679 2165 722 2226 11,
744 2163 790 2213 27.
816 2163 879 2213 259.
904 2164 965 2214 601.
992 2164 1056 2214 608.
1084 2165 1145 2215 660.

128 2233 173 2294 12,
193 2235 252 2284 115.
273 2235 335 2284 499.
356 2236 417 2286 552.
445 2248 469 2300 p.
489 2236 517 2296 2,
536 2235 580 2285 42.
600 2236 646 2285 98.
670 2235 695 2297 3,
714 2236 756 2285 76.
796 2232 919 2285 Moorob.
940 2235 965 2296 5,
979 2234 1007 2297 2,
1023 2235 1103 2300 1735.
1122 2239 1147 2286 et

127 2302 173 2354 lei).
195 2303 241 2355 VI.
272 2303 388 2370 scriptor
406 2304 521 2368 fortasse
539 2303 611 2356 idem
625 2309 664 2357 est
681 2319 742 2356 oum
759 2301 869 2355 Ouaoio
879 2303 964 2356 Auito
982 2304 1069 2372 lepato
1081 2321 1145 2371 pro-

127 2375 247 2426 consulis
265 2375 380 2440 Africae
397 2376 429 2427 iu
448 2375 540 2428 Plinii
558 2375 633 2442 epist.
649 2379 675 2440 9,
690 2377 734 2439 33,
749 2379 767 2427 9
786 2374 830 2442 (cf.
851 2375 964 2440 Prosop.
984 2374 1049 2442 imp.
1066 2375 1145 2428 Rom.

127 2447 155 2508 2,
165 2444 299 2516 4261215·
318 2452 375 2499 tum
384 2446 503 2514 propius
516 2446 591 2511 afuit
605 2452 692 2499 aetate
706 2464 723 2498 u
737 2446 858 2499 Troiano
873 2461 955 2512 quum
965 2445 999 2498 ab
1010 2448 1145 2516 Aupusto.

202 2574 214 2620 1
236 2570 285 2622 sed
304 2569 379 2624 codd.
405 2572 470 2622 sunt
492 2587 533 2639 up.
558 2569 641 2636 (uude
664 2585 736 2637 quae
759 2576 823 2623 oute
846 2585 915 2636 quos
939 2570 1003 2623 add.
1029 2570 1160 2638 Reiffer-¹

128 2640 226 2709 scheid)
298 2640 391 2709 quinti
410 2641 500 2695 octavi
520 2641 589 2695 aviti
603 2641 687 2711 Saup.
702 2642 795 2695 Paris.
815 2657 887 2708 quae
902 2641 1045 2693 octaviani
1061 2643 1145 2696 Beru.

128 2716 193 2764 m.1
272 2711 375 2781 ὁμοιοτ.
395 2713 497 2783 Hupers
516 2712 837 2766 ΟΜΟΙΟΤΕΛΕΥΤωΝ
857 2713 941 2782 Scap.
965 2711 1145 2767 homoeothe·

127 2781 225 2837 leuton
243 2785 300 2838 reli.
320 2784 456 2838 homoeon
475 2784 610 2837 elenchon
629 2784 823 2850 Reifferscheid

268 3081 342 3163 EX
374 3076 579 3163 IGNOTIS
613 3076 1007 3163 OOMMHNTARIIS

195 3291 274 3348 Fosi.
292 3309 324 3363 p.
344 3284 472 3357 210⁶‚2
498 3289 606 3364 pedam
638 3291 798 3366 vestigium
829 3289 953 3347 humani
984 3293 1145 3368 praecipue

123 3379 212 3455 pedis
236 3379 402 3456 appellasse
434 3380 571 3453 antiquos
594 3380 626 3436 in
650 3378 868 3436 commentariis
897 3378 1077 3453 quibusdam
1100 3383 1145 3438 in-

114 3473 213 3531 ueniri
235 3472 325 3534 solet.
