2422 3840
422 197 459 251 M.
478 196 626 251 Terentius
645 196 733 250 Varro
1019 195 1083 260 347

543 368 612 424 381

136 484 185 543 hio
202 484 286 543 laeui
307 475 471 563 [Avernus]
496 485 564 541 ente
584 484 726 542 silvarum
746 481 892 540 densitate
910 481 952 540 sio
975 480 1085 539 ambie-

69 573 166 648 batur,
185 576 220 632 ut
235 572 374 631 exhalans
390 571 460 631 inde
479 591 532 648 per
551 572 705 650 angustias
725 589 820 646 equae
838 571 995 645 sulpureas
1014 569 1086 630 odor

71 662 263 742 gravissimus
291 659 515 738 supervolantes
539 680 608 720 aves
635 663 766 737 neearet3
796 659 874 718 unde
897 663 927 718 et
948 658 1085 719 Avernus

70 751 166 812 dietus
189 753 235 811 est
257 753 344 827 quasi
366 746 482 830 ἅορνος.

141 850 214 905 Serv.
234 851 303 904 Aen.
321 853 347 916 3,
361 852 416 903 442
435 865 502 902 sane
520 863 557 903 hia
575 865 638 903 laous
652 881 678 889 -
692 853 781 917 ἄορνος.
810 850 886 903 Ptin.
904 866 931 901 a.
951 849 976 902 it.
992 852 1036 912 31,
1048 851 1086 902 21

72 920 182 976 Coelius
197 921 307 992 [trudit]
322 921 399 989 apud
412 937 463 973 nos
478 921 507 973 in
522 920 630 974 Averno
646 921 732 974 etiam
747 919 817 973 folia
831 919 983 984 subsidere,
998 918 1086 971 Varro

72 1009 227 1060 evesques
247 990 439 1047 advolaverint
457 992 552 1046 emori.
587 992 679 1047 eudem
699 993 809 1046 Servius
828 993 896 1045 Aen.
916 995 941 1057 7,
957 994 1020 1056 563,
1039 992 1088 1058 qai

72 1065 165 1120 addit:
183 1063 328 1130 sciendum
346 1079 413 1116 sane
432 1062 586 1118 Varronem
605 1079 768 1118 enumerare
786 1064 856 1130 quot
874 1062 936 1117 looa
955 1062 985 1114 in
1003 1060 1087 1115 Italia

73 1135 129 1190 sint
147 1135 231 1189 huius
250 1135 327 1188 modi
346 1135 439 1206 [oravi
455 1136 537 1188 odore
552 1135 673 1206 infesta}
707 1135 741 1201 cf.
761 1135 883 1188 ie.11en.
900 1138 984 1198 ass.
1017 1133 1085 1187 Isioi.

72 1225 109 1262 or.
126 1211 170 1274 13,
185 1211 229 1273 19,
243 1210 270 1260 8.
307 1206 423 1272 Samter,
441 1213 542 1275 quaest.
568 1207 683 1261 Verres.
700 1224 729 1274 p.
746 1209 788 1259 71.

144 1320 159 1367 2
179 1312 293 1368 exulans
366 1311 512 1382 sulpureas
537 1312 647 1368 Caeseti.
667 1312 836 1381 sulphureae
854 1313 910 1367 reti.

546 1483 612 1541 382

140 1608 312 1668 Postumius
331 1606 367 1665 de
387 1606 518 1666 adventu
535 1605 654 1665 Aeneae
679 1600 730 1685 [fr.
747 1601 780 1685 1]
805 1608 835 1664 et
852 1604 991 1666 Lutatius
1010 1624 1089 1664 oom-

74 1699 208 1756 munium
226 1696 419 1755 historiarum
444 1689 496 1774 [fr.
511 1690 546 1774 3]
571 1695 677 1753 Boiam
696 1696 816 1759 Euximi
834 1695 952 1755 comitis
970 1694 1089 1754 Aeneae

75 1787 221 1846 nutritam
240 1788 271 1845 et
294 1785 331 1843 ab
354 1786 418 1844 eius
440 1785 560 1844 nomine
579 1785 669 1843 Boias
692 1788 814 1844 vocatas
837 1785 952 1859 dieunt3
975 1787 1089 1844 veteres

74 1877 174 1936 tamen
198 1877 319 1951 portum
336 1875 427 1933 Baias
451 1874 567 1933 dixisse.
605 1874 701 1933 Varro
721 1893 739 1932 a
757 1874 833 1933 Baio
851 1873 948 1933 Ulixis
973 1876 1089 1949 semite,

75 1967 127 2042 qui
150 1965 214 2024 illio
237 1964 371 2040 sepultus
395 1966 448 2039 est,
471 1963 562 2022 Baias
585 1963 681 2022 dictas
704 1963 805 2022 tradit.
1104 1984 1116 2024 s

144 2063 217 2118 Sero.
233 2062 310 2115 Dare.
325 2065 394 2116 Aere.
410 2067 436 2128 9,
451 2065 506 2115 707
518 2075 645 2115 Postumius
655 2075 773 2114 —uaore
799 2062 834 2128 ef.
849 2061 886 2115 id.
902 2062 968 2116 thid.
985 2066 1011 2126 6,
1027 2064 1088 2115 107.

147 2178 161 2223 1
178 2168 340 2223 Postumius
355 2169 511 2223 Masoietus
525 2167 672 2237 postuinus
686 2168 812 2223 Florius.
827 2169 974 2237 postunius
985 2169 1089 2223 Autiss.

76 2249 91 2296 2
110 2241 258 2296 historiam
272 2242 405 2295 Florius:
418 2258 466 2295 em.
482 2241 587 2295 Daseiel
601 2240 646 2309 (cf.
662 2241 749 2306 Riese,
765 2240 818 2295 Rs.
835 2240 910 2294 Mus.
928 2243 972 2307 18,
982 2242 1089 2309 mea)

74 2313 183 2367 Euxoni
201 2313 405 2379 Reifferscheid,
425 2313 477 2368 Rs.
498 2311 573 2366 Mus.
595 2316 638 2376 15,
654 2316 708 2365 609
788 2315 803 2363 3
822 2311 949 2364 nutrioae
964 2312 1089 2366 Florius.

74 2401 119 2438 -ee
138 2385 243 2439 Aeetias.
316 2383 400 2437 Boias
420 2383 601 2437 Oommele'aas
618 2383 698 2435 baias
720 2381 845 2437 Florius.

549 2553 613 2610 383

143 2677 239 2736 Varro
271 2679 359 2752 putat
391 2675 481 2735 Caere
514 2677 656 2751 oppidum
689 2677 829 2734 Etruriae
858 2672 919 2754 <a>
949 2677 1091 2755 Pelasgis

77 2786 144 2826 eum
175 2767 310 2826 sitientes
340 2766 495 2824 inventum
524 2766 634 2823 fiumen
663 2767 831 2839 proximum
865 2811 1090 2825 ........

76 2857 258 3004 {salutassent
290 2859 369 2934 χαῖρε
402 2857 492 2930 atque
522 2873 558 2912 ea
590 2873 680 2913 eausa
710 2855 741 2913 id
770 2855 948 2914 vocabulum
981 2857 1091 2932 oppido

97 2948 187 3004 atum.

148 3043 235 3098 Setos
251 3044 347 3097 Veros.
363 3043 553 3109 Aen.10,183
566 3057 768 3098 Varro—ussum.
788 3043 881 3098 eedem
894 3044 950 3110 fere
960 3045 1092 3114 que'mes

75 3117 111 3183 fr.
128 3119 169 3169 13.
198 3116 233 3182 ef.
252 3114 370 3184 Dionys.
390 3115 428 3168 H.
444 3119 470 3180 3,
485 3119 527 3179 58,
543 3119 567 3168 1.
591 3120 617 3180 1,
630 3117 677 3179 20,
693 3118 717 3168 5.

149 3227 165 3274 2
184 3221 220 3275 ab
239 3219 289 3274 illo
308 3220 412 3290 oppido
430 3223 519 3290 suppl.
540 3222 606 3276 Keat

551 3392 616 3449 384

146 3514 241 3574 Varro
272 3508 389 3596 [refert]
420 3515 516 3576 filiam
547 3513 657 3596 Campi
687 3516 842 3594 Qamuam
872 3516 1012 3583 msam„
1038 3508 1129 3602 umisa

67 3604 241 3681 provinciae
262 3624 386 3686 1101116113
413 3611 488 3689 post
512 3631 600 3692 vero,
625 3610 712 3677 siout
735 3609 865 3673 hiatum
886 3605 953 3679 estN
969 3597 1163 3654 thamam
