2422 3840
346 171 495 241 Epicadus.
534 171 686 227 Cornelius.
723 172 865 243 Vergilius
1048 174 1113 240 105

170 333 261 386 Varro
275 333 308 387 dc
322 333 339 386 l.
354 332 388 386 L.
404 337 434 395 5,
449 337 505 388 148
528 333 557 386 iu
576 333 636 387 foro
655 333 748 387 lacum
768 333 894 388 Curtium
913 332 1040 388 scursa
1060 335 1119 389 dic·

78 406 151 456 tum
173 405 299 469 constat,
324 406 352 457 ct
373 404 408 458 do
431 420 464 458 so
488 404 590 473 triceps
614 405 746 470 historia;
769 422 835 458 nam
859 408 887 458 st
906 404 1042 460 Procilius
1062 425 1119 461 non

81 475 171 528 idem
189 475 318 543 prodidit
332 476 407 543 quod
421 475 495 542 Piso,
514 491 566 529 nec
585 477 660 544 quod
675 477 709 544 is,
724 474 867 531 Cornelius
882 476 981 544 †Stilo
997 481 1117 531 secutus.

84 563 104 599 a
130 545 259 600 Procilio
285 546 406 600 rolatum
430 547 534 618 [fi-1]-
571 547 637 601 Piso
661 547 691 601 in
715 547 865 601 annalibus
888 548 987 602 scribit
1012 550 1060 619 [fr.
1082 549 1118 620 1].

85 631 213 672 Cornelius
231 635 255 672 st
272 631 375 672 Lutatius
394 649 427 658 -·
443 634 585 681 appellatum.
619 620 774 674 Cornelium
794 620 845 673 alii
864 619 1021 686 Sisennam,
1046 621 1117 689 Epi·

89 689 198 744 cadum
213 689 267 743 atii
279 690 479 755 intellcaerant,
497 691 529 743 la'
541 691 650 759 qnidam
664 690 697 743 dc
716 691 785 745 libro
805 690 1026 758 ‘antiquitatum’
1046 694 1118 760 coyt·

89 765 186 814 tantos
209 762 278 828 (test.
299 765 333 827 6;
360 761 395 828 cf.
414 762 507 826 Peter,
537 762 603 815 ibat.
629 761 831 817 OOLXXVII
850 763 914 814 ada.
932 767 965 828 1).
1003 764 1119 829 fortasse

90 838 187 886 mnan
210 832 242 884 in
267 831 362 886 ‘Stilo’
391 832 498 886 ‘Salia'
524 833 589 887 latet
611 839 691 902 atqac
717 833 853 887 ‘sccatns'
874 834 936 888 item
960 839 1120 902 corruptam

94 909 144 967 est,
163 903 312 971 siqnidem
329 904 463 958 orationis
481 905 653 958 concinnitas
671 905 725 970 fert
738 909 770 958 at
783 905 864 957 iaata
880 905 1036 959 Coraciiam
1050 907 1120 960 atter

98 978 205 1040 auctor,
227 975 300 1028 sicat
318 975 468 1041 poctcmorc
486 975 556 1041 loco,
581 975 625 1029 sit.
644 977 737 1043 itaqae
755 977 893 1043 amicari
911 993 1059 1044 possamas
1084 977 1121 1030 ‘ct

103 1043 230 1099 Catalas’
256 1045 456 1100 emendandam
478 1063 532 1100 esse
556 1047 631 1115 (nam
650 1047 683 1100 dc
702 1047 817 1100 Isatatic
837 1047 935 1100 Catato
954 1048 1039 1102 altero
1063 1049 1119 1102 loco

98 1116 280 1187 intellcqcndo
303 1117 352 1170 aia
375 1117 486 1182 dabito;
504 1117 540 1183 cf.
560 1118 597 1171 ad
616 1118 681 1171 Imt.
701 1118 759 1172 Oat.
775 1136 805 1187 p.
821 1122 884 1184 122,
903 1135 951 1172 acc
968 1135 1025 1173 noa
1044 1120 1121 1187 apad

97 1187 181 1242 Pan.
196 1187 273 1241 Mar.
288 1191 327 1242 25
346 1188 451 1242 Saliam
466 1195 490 1242 ct
506 1189 634 1243 Octatam
652 1195 776 1244 anctorcs
791 1190 873 1242 cimai
888 1191 1006 1257 allatos),
1025 1208 1119 1258 qaam

96 1275 182 1326 qaam
206 1258 341 1313 Varronis
359 1276 444 1313 sermo
463 1260 574 1313 minime
593 1261 744 1314 conannas
762 1277 815 1314 esse
833 1262 905 1315 solet.

451 1475 791 1604 consotios·
875 1489 876 1492 ‘

171 1687 235 1754 qais
260 1686 305 1739 tic
329 1687 471 1741 Cornelias
496 1686 584 1754 faerit
607 1703 723 1754 prorsas
748 1687 944 1755 incompertam
972 1693 1015 1741 cst.
1057 1694 1123 1742 sant

97 1757 150 1826 qai
168 1758 202 1811 L.
219 1757 375 1812 Corneliam
389 1757 534 1812 Sisennam
551 1759 718 1828 intotlcqant,
738 1759 837 1827 qnippe
855 1760 904 1826 qai
918 1759 1020 1812 Plauti
1038 1761 1121 1814 inter-

95 1845 163 1896 pres
184 1829 283 1896 stanit,
306 1829 379 1898 qaod
400 1830 503 1896 falsam
526 1835 565 1882 cst
583 1828 628 1898 (cf.
644 1828 750 1883 Siscnn.
766 1835 822 1883 test.
838 1831 882 1897 3);
905 1837 970 1883 sant
988 1830 1037 1898 qai
1057 1831 1121 1885 Oar-

98 1900 206 1953 neliam
219 1899 341 1953 Balbam
357 1900 409 1967 (od.
425 1901 463 1955 ad
476 1901 550 1954 hanc
563 1900 661 1970 infra),
676 1901 709 1954 dc
722 1917 775 1968 qao
789 1907 880 1953 tamea
894 1902 988 1954 omnia
1002 1902 1122 1968 incerta;

99 1975 170 2025 sam
192 1972 241 2039 qai
259 1970 416 2025 Corneliam
438 1972 612 2038 Epicadam,
637 1978 662 2025 ct
679 1972 709 2024 la'
727 1972 835 2040 qaidcm
853 1973 1042 2037 verisimilias,
1060 1989 1122 2026 cam

99 2048 198 2095 notam
223 2043 433 2112 ycammaticam
459 2044 542 2096 haias
568 2043 625 2108 fac
651 2044 750 2097 aetatis
777 2061 795 2096 a
819 2043 942 2098 Varrone
964 2045 1122 2097 denotatam

100 2129 157 2167 csse
171 2119 267 2181 paam
286 2114 331 2183 (cf.
347 2114 466 2182 Epicad.
481 2120 538 2168 test.
552 2118 587 2179 4).

457 2292 766 2361 FRAGMENTUM

413 2432 669 2487 COMMENTARII
687 2432 815 2486 NAEVII

173 2549 254 2625 apud
285 2549 433 2607 Naevium
471 2542 577 2626 [FPR
602 2551 645 2607 62
675 2543 728 2626 R]
768 2543 869 2623 ‘atquc
905 2551 988 2624 prius
1025 2551 1124 2624 pariet

104 2640 223 2697 lucusta
250 2636 348 2696 lucam
374 2632 507 2718 tovem':
536 2639 568 2695 in
593 2635 723 2696 Cornelii
753 2639 965 2696 commentario
994 2641 1058 2696 erat
1087 2639 1123 2695 ab

105 2727 228 2802 Libycis
251 2726 341 2784 lucas.

184 2817 271 2871 Varro
290 2816 322 2869 dc
341 2817 358 2870 l.
373 2816 408 2870 L.
425 2820 454 2883 7,
469 2820 505 2870 39
528 2830 588 2878 apud
605 2829 717 2870 Naevium
736 2848 768 2857 -
788 2803 875 2870 bovem.
907 2816 972 2868 luca
995 2817 1045 2870 bos
1070 2817 1124 2869 elc-

104 2888 210 2956 phans3
235 2904 284 2940 cus
302 2886 343 2940 ita
362 2887 400 2941 sit
418 2887 507 2954 dicta,
531 2886 639 2941 duobus
659 2887 749 2941 modis
768 2887 863 2941 inveni
882 2887 1025 2955 scriptum.
1059 2905 1124 2941 nam

106 2961 135 3012 et
153 2974 179 3012 in
193 2971 291 3012 Cornelii
305 2989 338 2998 ·-
353 2973 416 3022 lucas
434 2959 463 3012 ei
481 2959 511 3011 ln
525 2956 646 3028 Vergilii
665 2959 712 3028 [fr.
729 2959 764 3030 1].

180 3044 195 3091 2
214 3037 355 3092 lucustam
374 3039 456 3093 Far.

465 3263 768 3349 VERGILIUS

181 3430 295 3484 attactae
322 3437 403 3499 atqnc
429 3447 464 3484 sa
487 3431 610 3485 Varrone
638 3431 712 3483 tanc
739 3431 842 3484 Naevii
871 3432 1045 3498 intemptatam
1070 3446 1130 3482 noa

108 3502 244 3567 stammas,
261 3518 347 3570 ncqac
363 3502 426 3570 qais
444 3503 490 3556 illc
503 3503 594 3569 faerit
606 3502 664 3560 dici
673 3510 771 3576 potest.
808 3505 896 3562 aetati
907 3511 1006 3560 tamen
1021 3501 1149 3556 Octauii

105 3573 255 3636 mmm
269 3573 433 3627 mameluc
444 3574 514 3644 fuit
526 3578 630 3649 panto,
652 3586 685 3637 at
704 3581 831 3653 violatas,
848 3580 964 3638 ianion.
