2422 3840
110 171 136 224 X
519 171 721 242 Prolegomena

110 339 305 420 Καρβίλιος
336 337 533 418 ἀπελεύθερος
565 340 729 419 Καρβιλίου
761 351 813 402 τοῦ
846 341 963 420 πρώτον
996 342 1124 422 γαμετὴν

110 427 293 507 ἐκβαλόντος.
339 430 385 500 Sp.
407 431 545 486 Oaroihihs
564 432 647 500 Rura
670 448 696 484 a.
717 432 844 502 thofeth
862 433 956 486 οοκοκλ
977 433 1046 499 soit,
1069 450 1124 500 qao

110 516 197 565 aetate
217 510 355 564 Carvilius
378 511 489 565 liberius
511 513 569 565 eihs
587 512 750 566 ακοίονίίαίι
771 513 895 579 tortose
912 513 1060 567 eradendos
1078 520 1123 567 est.

110 583 143 637 de
162 581 283 637 Carvilio
301 584 478 652 yrommatioo
496 583 539 636 od.
554 599 584 651 p.
605 588 630 637 3.

178 689 206 746 3.
238 688 315 747 Ρίκί.
346 687 416 747 Cato
443 706 501 746 mo.
525 691 568 747 20
600 688 734 767 χαρίεντα
765 689 874 749 δοῦλον
904 681 958 767 εἶχε
990 712 1123 769 γραμμα-

110 773 211 854 τιστὴν
235 771 330 853 ὄνομα
353 777 495 836 Χίλωνα
518 775 646 850 πολλοὺς
670 777 846 837 διδάσκοντα
869 778 986 849 παῖδας.

177 896 206 951 4.
229 893 306 952 Phil.
325 890 407 951 deth.
431 893 516 951 Parth.
539 895 558 950 6
586 890 622 953 οὐ
650 891 705 974 γὰρ
732 891 825 971 μόνον
852 891 1046 973 γραμματικοὶ
1074 892 1123 952 καὶ

111 979 247 1058 σοφισταί
271 979 320 1040 καὶ
343 980 478 1061 ῥήτορες,
506 979 577 1040 ἀλλὰ
600 980 650 1042 καὶ
673 981 797 1042 ιιλοίσται
821 978 1025 1059 -Ἕλληνες
1047 975 1123 1060 ἦσαν

110 1069 175 1148 τιερλ
198 1069 268 1141 τοὺς
291 1070 473 1142 νεανίσκους.
510 1072 575 1126 haer
593 1079 697 1142 tempor
715 1080 779 1128 ohta
798 1073 895 1128 belham
913 1073 1123 1128 Macedonicum

110 1161 267 1230 respiciunt.
303 1160 342 1217 id.
361 1161 430 1218 ibid.
450 1161 494 1219 33
516 1156 551 1218 τδι
573 1157 660 1219 τέκνα
682 1169 736 1220 τοῦ
759 1157 900 1238 βασιλέως
923 1157 1008 1240 ἤγετο
1032 1160 1123 1220 δοῦλα

110 1247 159 1308 καί
183 1246 239 1307 σὺν
267 1245 369 1319 αὐτοῖς
396 1246 530 1328 τροφέων
560 1247 608 1308 καί
637 1248 821 1309 διδασκάλων
848 1247 898 1309 καί
925 1249 1123 1329 παιδαγωγῶν

110 1334 336 1490 βεδοὲιὲρρρίόιὲριν
377 1334 461 1414 ὄχλος
503 1332 544 1417 [o.
580 1338 642 1398 587
647 1331 753 1418 [167]
818 1341 852 1406 of.
886 1341 980 1409 Polyb.
1014 1344 1059 1405 32,
1087 1345 1123 1393 10

120 1436 146 1474 o.
310 1460 315 1471 .

180 1544 232 1598 hoo
257 1550 436 1598 οκτιωαίιίοιι
462 1548 548 1598 aetate
573 1562 632 1597 κκα
656 1560 718 1598 orem
741 1546 929 1615 yrommatiois
955 1545 1071 1598 rhetores
1099 1551 1124 1597 et

104 1615 263 1684 philosophi
283 1615 383 1670 Graeci
401 1616 504 1670 Romae
522 1614 667 1682 docebaht;
685 1616 719 1681 ef.
740 1616 837 1670 Athen.
855 1620 898 1682 12,
918 1619 998 1669 547a.

599 1803 631 1870 H

182 1926 260 1968 siret.
279 1928 317 1969 ae
332 1937 461 1978 yramm.
476 1928 497 1968 4
520 1925 670 1979 appellatio
683 1926 924 1979 grammaticorum
939 1925 1044 1970 Graeca
1058 1935 1123 1968 oon·

110 1979 258 2022 suetudine
282 1978 415 2034 invaluit,
441 1979 491 2023 sed
515 1979 597 2023 initio
622 1980 740 2024 litterati
761 1979 942 2025 vocabantur.
965 2003 992 2010 -
1014 1985 1123 2022 veteres

109 2032 281 2085 grammatici
295 2034 323 2076 et
336 2033 504 2077 rhetoricam
517 2033 665 2088 docebant,
680 2044 712 2077 ao
725 2033 876 2077 multorum
888 2032 923 2076 de
933 2033 1050 2083 utreque
1064 2033 1123 2074 arte

110 2086 301 2129 oommentarii
314 2085 449 2150 feruntur.
478 2086 728 2151 seeundum‘quani
741 2086 974 2150 eonsuetudinern
986 2085 1123 2148 posterio-

84 2147 95 2179 ⁶
109 2137 1125 2257 nihii&munimenrenitententis

108 2246 322 2290 meditationum
332 2246 367 2290 ad
377 2248 562 2298 eloquentiam
575 2246 800 2299 praeparandam,
814 2247 846 2289 ut
859 2244 1032 2297 problemata
1045 2255 1123 2296 pare-

109 2299 218 2352 phrasis
233 2300 417 2344 allocutiones
432 2301 587 2352 ethologiae
602 2303 684 2352 atque
699 2299 753 2343 elis
767 2300 821 2343 hoo
840 2308 941 2352 genus,
959 2308 995 2342 ne
1015 2297 1122 2342 soilieet

109 2353 178 2397 aiooi
191 2353 305 2397 omnino
320 2356 403 2405 atque
418 2354 489 2398 aridi
502 2354 581 2406 pueri
594 2353 754 2398 rhetoribus
768 2352 951 2396 traderentur.

180 2462 215 2527 of.
237 2461 320 2516 Orhrh.
339 2463 375 2528 fr.
390 2465 416 2516 2.
442 2462 536 2530 Nepos
552 2462 588 2527 fr.
605 2465 646 2516 14.
677 2462 760 2514 Mese,
781 2461 856 2516 Coro.
876 2461 912 2526 fr.
928 2464 952 2513 5.
981 2460 1014 2513 de
1032 2459 1123 2526 ostiolo

108 2534 282 2603 ρκοικικαίίοι
299 2534 334 2600 os.
351 2533 438 2587 Varro
456 2534 492 2599 fr.
507 2536 608 2600 23rtsq.
628 2539 653 2586 ei
673 2532 826 2598 Gademoh,
848 2531 971 2586 Grhhdr.
989 2547 1012 2585 r.
1030 2531 1123 2586 Geseh.

109 2604 135 2658 d.
154 2605 231 2659 chose.
252 2605 325 2658 Phil.
344 2605 423 2672 (Iqir.
440 2606 522 2671 1907)
537 2621 567 2672 p.
587 2608 650 2672 leq.

182 2699 196 2744 7
224 2693 352 2746 meditat.
378 2693 492 2746 Vindob.
520 2693 606 2747 ottob.
635 2692 846 2745 institutionum
864 2708 996 2760 repertor.
1015 2689 1125 2743 l’medi-

109 2764 248 2818 tationem
267 2765 356 2832 Neop.
376 2763 498 2817 institut.
518 2765 548 2816 ιἰι
566 2781 617 2834 κιρ.
637 2763 763 2817 meditat.
781 2763 904 2817 Godioh.
924 2762 1046 2816 institut.
1066 2762 1123 2816 roll.

109 2835 143 2901 cf.
154 2837 229 2901 Ihm,
239 2835 292 2890 Rh.
304 2836 379 2889 Mos.
391 2839 435 2900 61,
446 2839 500 2888 550
546 2839 561 2887 8
577 2834 762 2904 aethiologies
777 2833 895 2905 (thy->2
910 2851 957 2889 ικι.
969 2833 1125 2888 Beroaldus

177 2941 205 2999 5.
220 2940 297 2999 Suet.
321 2942 357 2998 de
377 2958 501 3014 ςνοκιικ.
521 2943 543 2999 2
562 2965 604 2987 =
621 2941 715 2999 Varro
738 2942 775 3013 fr.
797 2942 862 2999 320
885 2942 999 3016 primus
1022 2939 1124 3016 igitur,

111 3033 258 3106 quantum
288 3029 454 3104 opinemur,
485 3029 616 3088 studium
646 3032 858 3108 grammaticae
888 3031 920 3086 in
948 3028 1051 3086 urbem
1079 3030 1123 3085 in·

110 3120 182 3178 tulit
206 3116 330 3177 Crates
349 3117 517 3177 Mallotes
537 3119 704 3178 Aristarchi
723 3119 865 3194 aequalis,
880 3119 933 3192 qui
955 3119 1062 3175 missus
1087 3115 1125 3173 ad

111 3212 247 3266 senatum
271 3206 307 3264 ab
327 3206 432 3265 Attalo
456 3198 525 3284 rege
548 3208 626 3266 inter
649 3208 810 3267 seeundum
833 3225 868 3265 ao
890 3205 1013 3264 tertium
1033 3204 1123 3262 Puni-

83 3315 176 3358 scum
200 3295 311 3354 bellum
335 3294 388 3354 sub
412 3298 509 3371 ipsam
533 3297 624 3354 Ennii
646 3301 773 3356 mortem
798 3289 838 3374 [ο.
861 3288 1034 3373 585ί169],
1058 3312 1126 3351 oum

109 3386 230 3462 regione
248 3384 360 3443 Palatii
377 3385 534 3461 prolapsus
553 3385 585 3443 in
604 3386 721 3445 oloaoae
739 3386 874 3443 foramen
893 3401 959 3441 orus
978 3382 1125 3459 fregisset,

110 3493 163 3549 per
185 3493 271 3534 omne
294 3474 453 3552 legationis
477 3475 566 3533 simul
591 3477 620 3533 et
640 3475 823 3533 valetudinis
841 3477 960 3546 tempus
979 3470 1125 3545 plurimes

110 3564 238 3622 aeroasis
276 3562 401 3622 subinde
442 3564 514 3622 feeit
550 3564 725 3638 assidueque
767 3563 907 3622 disseruit
944 3579 977 3618 ao
1015 3563 1126 3619 nostris
