2422 3840
136 170 180 234 80
319 169 525 223 Grammaticus
544 169 796 224 anteve-nonianus
814 168 974 238 fragmenta

136 330 269 454 wieres
291 336 316 384 ct
338 331 487 383 amatorios
509 328 613 399 cereas]
637 353 683 396 -3
710 329 786 398 apud
809 346 859 384 nos
882 344 947 383 vero
966 328 1110 384 Aedituus
1133 331 1163 385 et

159 401 250 455 orcius
270 403 299 454 et
318 399 434 454 Catulus
454 400 516 471 [cos.
533 399 672 472 652s102}

209 477 294 526 aeto
314 471 405 525 licinii
507 471 644 525 stersius
659 472 775 526 Salmas.
803 471 912 540 persius
927 473 1020 526 Paris.
1050 473 1160 540 peesius

136 545 178 598 oei
198 543 321 614 pressius
340 544 396 598 rell.

208 723 341 790 eeliqaias
359 722 418 775 call.
440 721 586 787 Baehrens,
606 721 719 790 Fraqm.
740 723 814 775 Poet.
834 721 912 775 Rene.
934 720 1063 789 (Lipsiae
1077 723 1159 789 1886)

132 810 162 863 p.
173 795 230 846 277
243 809 281 861 sq.
300 793 425 847 aaiaerse
439 793 473 858 cf.
489 793 664 858 RBaettaer,
679 794 759 847 Poec.
774 792 865 846 Liria.
880 792 940 846 rard
956 792 982 844 d.
993 793 1064 846 Lea.
1075 792 1159 846 Kree‘s

137 865 163 918 d.
186 863 216 934 Q.
236 865 333 919 Latat.
354 864 413 919 Cat.
433 863 512 933 (Lpz.
533 866 625 932 1893).

482 1115 518 1179 Β.
542 1113 817 1180 FRAGMENTA

495 1253 680 1308 INCERTAE
701 1253 801 1309 sams

511 1392 529 1445 1
562 1382 595 1468 [1
621 1381 786 1466 Baehrens]

138 1495 297 1553 Poenico
320 1494 418 1553 bello
442 1494 595 1554 secundo
618 1494 718 1552 Musa
741 1496 892 1569 pinnato
916 1494 1032 1572 gradu

136 1583 271 1641 intulit
303 1600 338 1642 se
370 1584 582 1643 bellicosam
613 1585 650 1641 in
682 1583 824 1641 Romuli
861 1586 1004 1660 gentem
1039 1584 1157 1642 feram.

212 1673 279 1727 Geli.
300 1677 344 1739 17,
359 1677 404 1739 21,
419 1677 454 1727 45
473 1699 507 1717 =
528 1674 615 1727 Varro
635 1675 667 1727 de
681 1679 753 1742 poet.
773 1673 795 1725 I
815 1673 851 1740 fr.
867 1677 904 1727 56
926 1672 1041 1728 Porcius
1066 1675 1159 1727 autem

138 1744 252 1798 Licinus
272 1744 360 1798 serius
379 1744 519 1813 poeticam
538 1744 643 1798 Romae
670 1744 795 1813 coepisse
815 1744 885 1798 dicit
908 1745 938 1798 in
956 1744 1001 1798 his
1020 1744 1157 1799 versibus:

138 1830 235 1870 Poenico
251 1847 284 1855 -
299 1830 376 1870 ierem.
410 1815 442 1870 de
462 1833 489 1870 re
507 1815 541 1882 Cf.
562 1817 600 1870 ad
624 1817 703 1871 Varr.
723 1817 740 1870 l.
756 1833 777 1870 c.

597 1952 619 2008 2
657 1951 679 2008 2

209 2100 214 2113 .
240 2100 246 2112 .
277 2055 420 2132 ligionem
442 2055 563 2114 Porcius
592 1943 730 2132 eestgiat
751 2075 820 2114 cum
843 2056 879 2115 de
902 2055 1002 2114 Ennio
1030 2055 1158 2115 scribens

139 2144 216 2203 dicit
239 2165 306 2202 eum
332 2145 456 2202 coluisse
480 2145 631 2203 Tutilinae
655 2146 729 2204 loca.

217 2234 305 2288 Varro
328 2234 361 2287 de
385 2235 401 2286 l.
420 2234 455 2286 L.
477 2240 501 2299 5,
518 2238 571 2288 163
598 2235 676 2305 [poet
693 2234 834 2304 lucanam]
861 2275 867 2287 .
889 2277 893 2286 .
920 2249 1031 2298 ugionem
1050 2251 1158 2289 --100s⁸

141 2306 179 2358 aei
198 2306 293 2360 Eaae'e'
313 2305 509 2359 habitationem
527 2307 593 2360 haec
610 2309 691 2375 calpe
709 2305 874 2372 referantur.

214 2382 227 2429 l
248 2374 458 2448 <re>ligionem
476 2393 517 2446 op.
546 2377 689 2446 regionem
711 2376 854 2430 Turnebus
875 2451 877 2455 ‚

185 2615 341 2672 ferreum
364 2617 593 2691 scriptorem,
617 2636 754 2691 verum,
781 2617 918 2691 opinor,
947 2617 1160 2693 scriptorem

1043 2709 1160 2765 tamen

186 2778 225 2832 ut
247 2775 421 2850 legendus
444 2777 493 2833 sit

215 2855 269 2910 Cic.
296 2856 328 2910 de
353 2856 400 2922 fia.
426 2860 487 2922 1,5
524 2874 587 2910 cum
620 2855 770 2925 Sophocles
802 2856 847 2910 vel
880 2857 985 2925 optime
1018 2855 1159 2927 scripserit

141 2925 291 2993 Electram,
310 2928 406 2980 tamen
423 2926 498 2981 male
517 2944 679 2982 conversam
695 2928 778 2981 Atilii
796 2928 867 2982 mihi
885 2928 1037 2997 legendam
1054 2931 1158 2997 putem,

142 2998 177 3050 de
201 3014 256 3064 quo
279 2997 392 3053 Licinus
418 2998 505 3070 [nius
528 2999 630 3069 codol:
659 3014 756 3054 sensum
771 3032 804 3040 -
818 3014 853 3054 sa.
885 3001 939 3054 aa
956 3001 1059 3055 Licino
1082 3001 1159 3056 certa

142 3075 251 3122 tautam
275 3070 335 3136 ‘fea
355 3070 459 3138 sarept!
484 3071 618 3138 tribunat,
645 3088 701 3139 qao
724 3070 756 3125 de
778 3089 808 3126 re
832 3071 867 3138 cf.
891 3072 1015 3126 Battaer
1031 3087 1060 3139 p.
1081 3076 1117 3126 53
1125 3088 1159 3140 ea.

141 3143 276 3208 ceteroqui
293 3142 327 3207 cs.
350 3140 403 3195 Cic.
424 3142 461 3195 aa
478 3143 536 3196 Aa.
553 3145 594 3208 14,
609 3146 655 3209 20,
671 3145 696 3196 3.

606 3278 625 3332 4
666 3278 685 3332 4

188 3378 267 3437 dum
287 3381 477 3441 lasciviam
495 3268 672 3440 nobiliurii
687 3269 722 3440 tt
740 3381 865 3440 laudes
889 3382 1038 3443 fucosae
1059 3385 1159 3460 petit

188 3468 267 3526 dum
309 3468 475 3528 Africani
517 3488 636 3530 vocem
679 3469 838 3528 divinam
880 3469 1002 3530 inhiat
1045 3472 1159 3532 avidis

787 3558 949 3634 eunitae,
