2422 3840
123 139 190 205 328
270 139 478 195 summatim
495 140 599 194 „aas
616 141 809 194 tartonam
826 141 989 210 augmenta

123 309 344 388 praelegebant.
359 341 401 350 -
415 311 530 385 primus
543 310 647 386 igitur,
662 312 807 384 quantum
822 311 990 385 opinamur,
1008 310 1145 371 studium

85 414 111 455 so
124 400 337 477 grammaticae
363 401 396 456 in
423 397 528 456 urbem
554 399 658 456 intulit
686 398 789 456 Crates
811 399 950 458 Mallotes
972 399 1145 460 Aristar-olii

124 489 272 565 aequalis,
303 489 358 564 qui
386 487 493 546 missus
522 487 561 546 ad
590 492 728 545 senatum
760 487 799 545 ab
826 488 932 546 Attalo
961 508 1033 566 rege
1062 492 1145 550 inter

124 578 287 638 secundum
313 596 349 635 ac
377 579 501 634 tertium
528 576 675 635 Punicum
703 577 815 634 bellum
841 578 897 637 sub
924 577 1022 653 ipsam
1049 579 1145 638 Ennii

124 674 260 742 mortem,
283 685 351 725 cum
367 667 489 743 regione
506 665 620 724 Palatii
640 666 798 742 pmlapsus
816 667 848 723 in
866 666 986 725 cloacae
1006 669 1144 728 foramen

124 775 193 817 crus
219 756 372 834 fregisset,
400 774 455 831 per
481 774 568 814 omne
594 755 756 832 legationis
783 757 874 813 simul
901 760 933 814 et
959 757 1145 818 valetudinis

85 861 111 901 rs
125 848 243 923 tempus
270 845 415 920 plurimas
443 845 572 903 aeroasis
599 843 725 902 subinde
751 845 824 903 fecit
848 845 1025 921 assidueque
1050 847 1143 907 disse

123 934 187 993 ruit
204 954 239 993 ac
252 933 362 993 nostris
379 934 514 1009 exemplo
527 933 588 991 fuit
601 933 639 990 ad
656 933 845 991 imitandum.
877 933 1022 993 hactenus
1039 939 1144 996 tamen

123 1025 246 1097 imitati,
263 1027 299 1081 ut
312 1024 446 1081 carmina
458 1042 566 1098 parum
584 1021 681 1081 adhuc
694 1022 850 1100 divolgata
867 1024 916 1082 rel
934 1024 1144 1084 defunctorum

125 1115 287 1172 amicorum
311 1113 359 1170 vel
388 1113 415 1170 si
437 1131 565 1187 quorum
592 1112 721 1170 aliorum
746 1111 937 1187 probassent,
964 1113 1144 1191 diligentius

125 1204 323 1262 retractarent
340 1219 376 1260 ac
389 1201 514 1278 legendo
533 1200 819 1277 commentandoque
833 1202 926 1260 etiam
944 1203 1051 1262 ceteris
1069 1208 1145 1264 nota

85 1306 111 1346 ro
125 1292 271 1366 lacerent3
292 1293 329 1348 ut
347 1288 377 1348 G.
393 1287 537 1349 Octavius
553 1289 718 1366 Lampadio
732 1291 841 1349 Naevii
854 1290 1003 1350 Punicum
1020 1292 1144 1369 bellum,

125 1381 204 1456 quod
224 1399 284 1438 uno
303 1379 453 1438 volumine
472 1382 503 1437 et
521 1380 685 1437 continenti
708 1381 856 1455 scriptura
878 1381 1046 1456 expositum
1066 1383 1144 1442 divi-

125 1471 166 1528 sit
194 1471 226 1527 in
253 1470 368 1544 septem
396 1469 502 1541 libros;
534 1472 569 1526 ut
596 1471 701 1543 postea
728 1467 762 1537 Q.
785 1469 988 1546 Vargunteius
1018 1473 1144 1531 annales

127 1560 225 1632 Ennii,
243 1576 318 1635 quos
332 1559 422 1617 certis
435 1557 539 1616 diebus
552 1558 584 1615 in
601 1576 713 1633 magna
726 1559 895 1632 frequentia
913 1562 1145 1638 pronuntiabat,

126 1653 160 1707 ut
178 1647 297 1707 Laelius
311 1646 474 1706 Archelaus
489 1646 667 1722 Vettiusque
685 1647 875 1706 Philocomus
893 1648 1006 1707 Lucilii
1023 1653 1144 1710 saturas

85 1737 284 1796 etfamiliaris
307 1736 362 1796 sui.
383 1769 423 1776 —
442 1738 648 1795 instnuerunt
665 1739 869 1812 auxeruntque
892 1738 929 1796 ab
951 1741 1033 1798 omni
1054 1743 1144 1816 parte

126 1828 353 1905 grammaticam
385 1824 419 1884 L.
442 1824 547 1883 Aelius
578 1824 753 1884 Lanuvinus
784 1845 933 1902 generque
965 1825 1047 1887 Aelii
1080 1829 1143 1888 Ser.

127 1914 261 1990 Clodius,
291 1917 416 1990 uterque
440 1933 528 1989 eques
551 1915 701 1973 Romanus
728 1916 875 1991 multique
898 1934 934 1974 ac
956 1918 1034 1974 varii
1057 1921 1144 1978 etin

124 2005 261 2065 doctrina
283 2005 368 2062 etin
390 2022 422 2062 re
444 2003 565 2080 publica
588 2021 666 2062 usus.
703 2004 806 2063 Aelius
830 2008 1005 2080 cognomine
1028 2006 1145 2083 duplici

125 2094 196 2170 fuit3
228 2113 298 2152 nam
328 2096 358 2151 et
385 2092 599 2165 Praeconinus,
632 2092 711 2167 quod
740 2097 827 2168 pater
857 2095 919 2153 eius
949 2099 1144 2170 praeconium

85 2185 250 2257 refecerat,
283 2181 454 2257 vocabatur,
487 2185 516 2240 et
545 2181 634 2256 Stilo,
667 2182 747 2256 quod
775 2184 924 2242 orationes
955 2184 1143 2244 nobilissimo

125 2274 231 2348 cuique
263 2271 389 2330 scribere
422 2271 548 2344 solebat,
587 2274 705 2330 tantum
737 2271 929 2347 optimatium
960 2274 1070 2349 fautor,
1108 2280 1144 2335 ut

125 2361 280 2420 Metellum
302 2360 496 2418 Numidicum
518 2362 550 2417 in
574 2360 710 2419 exsilium
733 2363 892 2420 comitatus
916 2363 963 2420 sit.
1011 2362 1142 2439 Servius,

126 2469 192 2510 cum
215 2449 324 2508 librum
348 2449 442 2508 soceri
465 2449 595 2508 nondum
620 2449 733 2507 editum
756 2450 860 2508 fraude
882 2452 1090 2527 intercepisset
1112 2457 1143 2513 et

126 2540 162 2598 ob
190 2539 247 2599 hoc
269 2538 443 2614 repudiatus
473 2538 585 2613 pudore
613 2557 648 2598 ac
674 2539 774 2597 taedio
805 2542 973 2600 secessisset
997 2541 1034 2600 ab
1058 2543 1142 2618 urbe,

85 2647 110 2688 as
124 2629 156 2686 in
180 2628 330 2706 podagrae
353 2627 488 2685 morbum
515 2627 634 2702 incidit;
661 2630 745 2686 cuius
772 2630 923 2704 inpatieus
945 2650 1060 2689 veneno
1083 2632 1142 2691 sibi

125 2716 264 2793 perunxit
290 2716 379 2791 pedes
404 2719 434 2774 et
457 2717 572 2775 enecuit
595 2716 647 2792 ita,
675 2720 710 2776 ut
732 2721 817 2792 parte
841 2738 875 2776 ea
898 2719 1031 2793 corporis
1055 2722 1142 2796 quasi

125 2808 316 2882 praemortua
346 2806 469 2865 viveret.
516 2807 640 2881 posthac
669 2809 766 2884 magis
794 2826 828 2865 ac
857 2810 953 2885 magis
982 2814 1011 2868 et
1041 2811 1142 2887 gratia

126 2899 156 2953 et
179 2914 249 2955 cura
278 2896 351 2954 artis
374 2895 513 2969 increvit,
543 2897 577 2953 ut
604 2914 641 2954 ne
664 2896 823 2956 clarissimi
846 2896 965 2972 quidem
992 2897 1052 2957 viri
1075 2900 1141 2958 abs·

126 2985 272 3043 tinuerint
297 3003 357 3059 quo
380 2985 477 3043 minus
501 2987 531 3042 et
552 2984 611 3060 ipsi
635 2985 750 3060 aliquid
773 2985 808 3043 de
833 3005 867 3044 ea
890 2986 1066 3062 scriberent,
1094 2993 1141 3048 ut·

85 3094 112 3133 ro
126 3094 183 3150 que
206 3073 389 3149 temporibus
418 3072 595 3148 quibusdam
618 3093 706 3150 super
733 3075 844 3151 viginti
866 3076 993 3134 celebres
1021 3078 1141 3138 scholae

126 3163 266 3223 fuissem
286 3162 358 3220 urbe
377 3162 543 3236 tradantur,
566 3165 663 3238 pretia
682 3183 752 3221 vero
771 3164 1035 3239 grammaticorum
1054 3170 1142 3226 tanta

126 3252 331 3328 mercedesque
351 3254 413 3310 tam
432 3270 567 3329 magnae,
591 3256 625 3312 ut
643 3255 758 3311 constet
776 3252 932 3312 Lutatium
951 3254 1142 3330 Daphnidem

126 3341 384 3418 -septingentis
407 3341 527 3399 milibus
550 3362 705 3401 nummum
728 3361 746 3398 a
766 3341 798 3411 Q.
819 3341 925 3401 Catulo
950 3347 1083 3418 emptum
1107 3365 1141 3404 ac

125 3430 208 3490 brevi
230 3431 452 3504 manumissum,
478 3430 509 3487 L.
527 3429 689 3506 Apuleium
707 3431 745 3490 ab
763 3430 875 3491 Aeficio
896 3430 1019 3492 Calvino
1041 3434 1141 3510 equite

71 3519 252 3579 aldemano
286 3519 460 3598 praediute
498 3520 715 3603 quadringenis
750 3523 860 3579 annuis
895 3521 1076 3580 aestuatum
1106 3528 1144 3582 ut
