2422 3840
133 174 199 238 514
299 171 505 227 Grammaticae
525 171 627 225 aetatis
645 171 807 241 Augusteae
825 171 985 241 fragmenta

94 355 120 394 10
132 361 233 401 rerum
257 344 408 419 gestarum
426 341 475 400 vel
494 341 708 416 expositionem
731 339 780 399 vel
799 339 1083 398 demonstrationem
1102 339 1151 399 vel

134 450 192 508 quo
212 431 271 490 alio
295 433 414 489 nomine
437 429 468 487 id
487 429 645 488 dicendum
670 431 723 502 est,
747 429 869 487 annales
892 447 962 488 vero
986 448 1059 503 esse,
1083 447 1150 488 oum

132 539 180 579 res
195 523 297 597 gestae
315 519 448 596 plurium
463 537 607 577 annorum
626 518 784 576 observato
799 519 940 592 cuiusque
960 519 1032 577 anni
1047 518 1150 577 ordine

133 610 271 685 deinceps
295 611 520 685 componuntur.
562 626 628 666 cum
647 626 717 665 vero
740 625 800 664 non
823 627 877 682 per
895 625 998 681 annos,
1021 607 1074 666 sed
1096 627 1150 683 per

134 699 196 757 dies
228 699 361 776 singulos
391 715 438 756 res
468 699 569 774 gestae
601 695 780 771 scribuntur,
813 715 848 754 ea
879 696 1006 754 historia
1036 695 1150 755 Graeco

94 800 119 840 15
133 787 278 846 vocabulo
297 783 440 866 ἐφημερὶς
459 785 577 859 dicitur,
595 788 678 845 cuius
692 784 835 843 Latinum
850 785 1151 860 interpretamentum

133 879 278 954 scriptum
296 877 392 934 estin
410 876 486 933 libro
508 874 663 950 Semproni
680 873 840 934 Asellionis
864 874 960 950 primo
985 868 1037 952 [fr.
1055 879 1073 932 1
1093 869 1151 954 P.],

134 985 168 1024 ex
197 984 255 1040 quo
283 966 359 1023 libro
387 965 475 1039 plura
501 963 593 1022 verba
621 961 825 1038 ascripsimus,
858 966 893 1020 ut
920 964 1009 1022 simul
1038 963 1152 1023 ibidem

135 1055 207 1130 quid
233 1057 299 1130 ipse
326 1056 405 1111 inter
427 1072 473 1112 res
497 1054 595 1128 gestas
620 1055 650 1111 et
673 1052 794 1110 annales
825 1070 887 1111 esse
916 1053 1025 1110 dixerit
1053 1055 1151 1112 osten-

134 1143 277 1202 deremus.
316 1138 429 1201 ‘verram
449 1142 529 1200 inter
546 1134 620 1216 eos',
642 1141 742 1216 inquit
761 1136 824 1216 ‘qui
844 1143 965 1200 annales
984 1142 1153 1217 relinquere

94 1249 119 1288 ao
133 1233 310 1306 voluissent,
338 1234 368 1290 et
396 1249 458 1304 eos,
486 1232 538 1306 qui
564 1249 611 1288 res
639 1232 738 1308 gestas
764 1249 782 1288 a
805 1230 947 1289 Romanis
969 1231 1154 1306 perscribere

134 1322 234 1380 conati
256 1324 368 1394 essent,
392 1321 523 1378 omnium
546 1339 644 1378 rerum
666 1319 723 1376 hoc
744 1320 890 1377 interfuit.
937 1320 1059 1379 annales
1082 1321 1155 1378 libri

133 1413 252 1470 tantum
279 1409 366 1468 modo
396 1409 474 1484 quod
501 1409 614 1467 factum
642 1427 760 1483 quoque
793 1427 870 1466 anno
902 1411 1018 1485 gestum
1050 1410 1090 1467 sit
1119 1429 1155 1467 ea

134 1498 390 1571 demonstrabant,
417 1497 450 1556 id
478 1499 523 1556 est
550 1499 636 1572 quasi
661 1499 714 1571 qui
737 1497 865 1555 diarium
888 1497 1033 1571 scribunt,
1063 1517 1154 1573 quam

136 1587 242 1648 Graeci
260 1584 424 1666 ἕῳημερίδα
442 1590 558 1645 vocant.
595 1585 680 1644 nobis
699 1605 758 1644 non
777 1586 864 1644 modo
884 1588 957 1645 satis
976 1604 1039 1645 esse
1057 1587 1155 1661 videa,

95 1678 214 1753 acquod
238 1677 351 1734 factum
370 1678 455 1749 esset,
477 1676 510 1734 id
532 1677 734 1752 pronuntiare,
758 1674 809 1734 sed
832 1677 923 1732 etiam
947 1694 1005 1751 quo
1029 1677 1155 1734 oonsilio

136 1785 253 1842 quaque
272 1766 388 1823 ratione
408 1768 492 1841 gesta
511 1767 608 1823 essent
627 1759 850 1823 demonstrare'.
883 1765 974 1839 paulo
990 1769 1061 1839 post
1074 1766 1155 1824 idem

135 1855 248 1914 Asellio
272 1855 303 1911 in
327 1853 429 1912 eodem
452 1853 528 1912 libro
558 1847 609 1932 [fr.
624 1855 646 1912 2
664 1847 726 1930 P.]=
755 1848 836 1910 ‘nam
859 1872 954 1928 neque
979 1848 1153 1912 alacriores'

136 1945 239 2019 inquit
270 1938 318 2001 ‘ad
341 1942 556 2016 rempublicam
579 1941 798 2000 defendundam
824 1961 919 2017 neque
943 1943 1093 2019 segniores
1118 1942 1157 2001 ad

135 2052 198 2091 rem
216 2050 372 2107 perperam
390 2031 560 2090 faciundam
575 2031 697 2089 annales
710 2030 781 2088 libri
795 2049 977 2088 commovere
993 2033 1156 2107 quiequam

96 2140 122 2178 so
136 2125 268 2198 possunt.
307 2120 432 2179 scribere
453 2124 552 2179 autem
572 2119 683 2177 bellum
701 2120 810 2177 initum
830 2139 887 2195 quo
907 2121 1027 2178 consule
1046 2122 1077 2179 et
1096 2139 1155 2196 quo

137 2211 303 2269 confectum
331 2208 370 2267 sit
397 2212 427 2267 et
455 2208 521 2285 quis
548 2205 737 2284 triumphans
763 2208 914 2267 introierit
942 2228 976 2266 er
1002 2228 1049 2283 eo,
1078 2209 1155 2268 libro

136 2294 249 2377 (vero)
278 2317 353 2374 quae
381 2300 413 2355 in
440 2298 517 2356 bello
546 2300 630 2376 gesta
656 2298 717 2355 sint
741 2291 862 2375 [iterare
885 2297 915 2354 id
938 2292 1071 2377 fabulas]
1096 2318 1156 2357 non

136 2388 308 2465 praedicare
338 2390 390 2445 aut
417 2387 530 2445 interea
558 2387 630 2462 quid
658 2395 779 2445 senatus
807 2387 970 2445 decreverit
998 2390 1051 2445 aut
1080 2407 1157 2463 quae

137 2479 184 2535 lex
217 2479 370 2554 rogatiove
403 2477 465 2534 lata
498 2478 549 2550 sit,
582 2494 677 2550 neque
711 2476 816 2550 quibus
849 2475 980 2534 consiliis
1009 2495 1043 2534 aa
1071 2479 1158 2553 gesta

96 2569 197 2625 assint
224 2568 345 2639 iterare,
374 2563 404 2622 id
432 2564 549 2623 fabulas
577 2565 677 2640 pueris
703 2566 747 2622 est
770 2583 904 2639 narrare,
931 2584 991 2622 non
1013 2565 1157 2624 historias

139 2650 286 2714 scribere'.

212 2789 279 2843 Gell.
296 2793 373 2854 5,18
391 2801 507 2842 historiam
521 2821 547 2826 -
561 2802 717 2850 praesentium.
750 2788 799 2840 sed
822 2803 873 2840 nos
896 2787 995 2840 audire
1015 2787 1094 2840 sollbl
1113 2805 1157 2840 su-

138 2877 200 2913 mus
220 2858 336 2912 annales
355 2860 468 2912 omnino
486 2859 517 2911 id
536 2875 596 2912 esse
615 2860 691 2926 quod
708 2857 843 2912 historiae
862 2858 931 2924 sint,
949 2857 1082 2912 historias
1101 2876 1157 2912 non

138 2930 251 2984 omnino
276 2946 336 2983 esse
359 2930 390 2983 id
412 2930 486 2998 quod
512 2931 627 2983 annales
651 2930 720 2996 sint,
744 2929 827 2983 sicuti
849 2930 924 2997 quod
944 2931 987 2982 ost
1005 2929 1104 2996 homo,
1128 2930 1158 2982 id

138 3001 296 3056 necessario
320 3002 425 3055 animal
449 3019 522 3068 esse,
546 3002 620 3068 quod
644 3004 688 3056 est
710 3000 827 3068 animal,
850 3016 907 3053 non
929 3000 960 3052 id
982 3016 1097 3054 necesse
1116 3003 1159 3054 est

137 3072 281 3127 hominem
300 3088 367 3126 esse.
395 3088 428 3127 ita
441 3087 546 3126 historias
559 3105 585 3111 -
598 3099 644 3126 non
657 3087 762 3127 historias
775 3087 877 3126 scribere.
910 3073 1059 3126 Melliottt's
1077 3074 1159 3127 cabo

145 3146 239 3199 Verrio
267 3146 355 3198 tribui
382 3145 615 3198 Kratasehmerum
642 3150 748 3198 secatus
776 3145 802 3213 (l.
823 3160 843 3196 c.
871 3160 897 3210 p.
919 3145 980 3211 70);
1013 3145 1048 3210 cf.
1075 3146 1158 3198 etiam

139 3216 277 3282 Lauare,
308 3216 340 3269 de
368 3215 435 3270 Gall.
461 3217 541 3269 Noot.
568 3218 625 3269 Aa.
653 3217 722 3282 forat.
746 3232 776 3282 p.
801 3219 844 3268 17.
872 3218 909 3268 72
936 3221 961 3268 et
988 3213 1061 3269 Sero.
1089 3216 1157 3269 Aea.

139 3291 165 3353 1,
180 3291 242 3341 373.
295 3287 363 3340 Istd.
391 3304 429 3342 or.
454 3292 479 3352 1,
494 3291 537 3353 41,
552 3293 576 3340 1.
604 3291 727 3354 44,3sq.
778 3286 849 3340 adde
875 3285 943 3340 Isid.
970 3302 1008 3339 or.
1033 3290 1118 3353 1,44,
1134 3290 1157 3338 1.

141 3358 227 3413 OGL
247 3359 291 3412 VI
305 3362 348 3411 72.
369 3362 430 3413 524.

194 3509 233 3560 22
252 3505 327 3576 quid
348 3538 384 3548 —
406 3507 483 3564 esset
497 3503 662 3579 Nipperdey
742 3506 779 3556 ‘ab
798 3499 868 3567 auid
878 3500 966 3566 Nipp.
1041 3505 1075 3552 aa
1095 3515 1159 3554 vero

104 3578 233 3637 addedd:
253 3581 313 3657 <et
332 3582 394 3662 eo>
413 3583 432 3641 l.
456 3585 550 3643 Hertz
626 3580 662 3636 a.
679 3577 715 3635 id
731 3574 754 3629 i.
772 3574 826 3630 del.
843 3570 942 3627 coma
957 3567 1014 3634 bad.
1029 3572 1114 3633 aaa
