2422 3840
206 187 234 242 (l.
252 187 349 242 Aelius
369 187 473 241 Gallus.
510 187 540 241 P.
554 185 588 256 (ἓ)
606 185 723 240 Alfenus
741 186 840 241 Varus.
877 185 969 239 Titius
1034 185 1100 250 555

160 349 228 403 Geli.
249 353 274 415 7,
293 352 349 415 5,1
369 348 485 402 Alfenus
509 347 714 401 iureconsultus
735 345 824 400 Servii
842 345 961 414 Sulpicii
980 346 1103 414 discipu·

87 422 131 475 lus
154 436 302 488 rerumque
326 420 505 487 antiquarum
528 437 584 472 non
608 418 764 472 incuriosus
786 418 817 470 in
838 417 910 470 libro
930 418 1103 486 digestorum

86 492 228 547 tricesimo
248 495 276 545 at
295 495 404 559 quarto,
428 492 671 545 coniectaneorum
693 493 787 543 autem
811 488 946 542 seeundo:
969 503 994 542 rn
1007 503 1103 554 foedere,

87 563 182 632 inquii
200 578 260 626 quod
274 595 301 602 -
314 576 419 625 respondi
437 563 530 630 inquii
548 587 590 625 ago
605 594 632 600 -
645 574 836 624 significationem.
873 561 996 629 sequitur
1020 560 1105 614 Gellii

85 636 224 702 refutatio.
266 635 301 700 es.
326 635 414 689 Varro
433 634 465 688 de
484 636 499 687 l.
516 634 550 686 L.
571 638 596 700 6,
612 637 654 688 63.
699 634 771 686 Fert.
786 649 817 699 p.
836 635 918 697 2170,
933 636 976 685 16.
1018 633 1102 686 Paul,

87 706 160 761 Fert.
179 723 209 774 p.
231 710 291 771 108,
304 709 350 759 20.
388 707 462 760 Dea.
486 707 542 759 Ter.
568 703 647 758 andr.
667 708 735 770 2,6,
751 709 792 757 11.
833 701 939 770 adelph.
960 706 985 768 5,
1000 706 1026 768 3,
1041 701 1101 756 10¹.

87 778 161 832 Noa.
176 795 207 846 p.
226 781 331 842 27,19.
353 781 415 842 157,
434 780 478 829 30.
512 777 580 830 Iaid.
600 792 638 830 or.
655 780 699 841 17,
718 779 743 841 5,
763 778 806 828 32.
837 773 923 828 CGL
941 773 1101 840 V525,29.

533 928 556 986 2
595 925 637 984 59

154 1035 265 1092 Paulus
293 1033 370 1092 libro
398 1033 525 1092 seeundo
556 920 754 1108 epiiloinarum
781 1030 884 1090 Alfeni
911 1031 1101 1108 digestorum.

86 1126 196 1196 lumen,
218 1123 249 1180 id
268 1126 366 1181 estut
385 1124 499 1181 caelum
523 1122 687 1195 videretur3
711 1123 740 1180 et
758 1123 884 1179 interest
906 1122 986 1178 inter
1002 1121 1102 1178 lumen

88 1217 118 1271 et
136 1216 334 1287 prospectum,
357 1230 426 1270 nam
446 1214 619 1287 prospectus
641 1212 732 1269 etiam
756 1229 792 1268 ex
815 1209 1006 1267 inferioribus
1029 1210 1102 1267 loeis

87 1306 142 1375 est,
164 1302 265 1359 lumen
289 1320 324 1359 ar
346 1302 485 1360 inferiore
507 1302 573 1359 loeo
597 1318 660 1359 osse
683 1319 743 1359 non
766 1302 872 1375 polest.

158 1401 224 1470 ΠΨ.
243 1404 270 1465 8,
288 1404 316 1465 2,
332 1404 367 1452 16
384 1414 468 1453 Paulus
481 1431 508 1438 -
521 1415 599 1461 potest.

535 1552 555 1607 3
580 1543 650 1628 [17]

154 1656 266 1716 Paulus
285 1656 361 1714 libro
381 1655 509 1714 seeundo
533 1654 732 1730 epitomarum
749 1654 860 1713 Alfeni.
897 1657 983 1730 pueri
1002 1655 1103 1730 appol·

87 1746 162 1804 latio
185 1748 244 1804 tres
269 1745 501 1822 significationes
528 1744 632 1803 habel:
660 1763 750 1801 unam
779 1761 845 1801 eum
873 1762 974 1803 omnes
1003 1762 1103 1803 servos

88 1853 194 1910 pueros
209 1835 440 1910 appellaremus3
459 1834 584 1892 alteram
600 1852 666 1891 oum
680 1852 806 1907 puerum
820 1835 968 1891 oonirario
983 1834 1103 1893 nomino

87 1923 204 1999 puellae
228 1924 404 1995 diceremu83
426 1924 548 1982 tertiam
572 1941 639 1980 oum
662 1924 792 1980 aetatem
814 1921 959 1996 puerilem
982 1922 1101 1980 demon-

85 2015 255 2072 straremus.

159 2112 225 2181 Diq.
245 2115 288 2177 50,
306 2116 348 2177 16,
365 2114 421 2164 204
438 2125 561 2164 Paulus-
575 2124 781 2163 demonstraremus.

546 2263 565 2317 4
607 2263 626 2317 4

152 2366 334 2441 Pomponius
357 2365 434 2426 libro
458 2253 605 2443 singulari
626 2254 790 2424 inchmdfi.
814 2398 849 2404 —
871 2366 942 2424 urbs
966 2365 1003 2424 ab
1026 2366 1101 2424 urbo

87 2455 240 2530 appellata
269 2459 328 2530 est3
360 2454 467 2514 urbaro
500 2458 545 2514 est
574 2458 675 2513 aratro
705 2454 834 2513 definire.
881 2458 910 2512 at
933 2455 1031 2513 Varus
1059 2454 1103 2513 aie

90 2543 197 2602 urbum
216 2544 364 2620 appellari
383 2547 575 2604 curvaturam
594 2545 697 2615 aratri,
716 2543 795 2619 quod
813 2545 845 2600 in
859 2543 931 2601 urbe
951 2543 1103 2602 condenda

87 2633 221 2691 adhiberi
244 2635 327 2692 solet.

157 2724 411 2792 Π19.50,16,239
429 2737 565 2784 Pomponius
578 2755 604 2760 -
618 2737 681 2775 ench.
696 2754 722 2760 -
737 2726 755 2774 6
768 2737 821 2775 urbs
834 2754 861 2760 -
874 2737 936 2775 solet.
963 2723 997 2788 cf.
1015 2723 1102 2776 Varro

86 2795 144 2847 del.
154 2794 187 2847 L.
199 2797 224 2859 5,
234 2798 296 2848 127.
312 2798 373 2848 135.
389 2797 449 2847 143.
474 2795 546 2848 Fest.
557 2811 587 2861 p.
599 2797 734 2859 375a,29.
761 2792 908 2848 OMaeller
916 2809 971 2862 pro
983 2793 1100 2847 ‘Varus’

88 2865 202 2919 ‘Varro’
219 2866 359 2935 lepeadam
373 2881 427 2919 esse
435 2871 529 2932 putat,
543 2865 589 2918 sed
604 2865 694 2918 Varus
707 2866 865 2933 simpliciter
879 2865 997 2930 Alfenus
1013 2865 1103 2918 Varus

87 2938 119 2989 ia
130 2937 241 3007 clipeatis
254 2937 365 3004 saepiae
378 2943 571 3003 pampulum
585 2936 619 3002 ef.
634 2937 670 3002 fr.
681 2940 723 2988 41.
739 2939 781 2988 45.
798 2939 833 2989 56
848 2937 883 2989 al.
895 2936 972 3003 apud
980 2936 1101 2989 Bremer.

82 3014 224 3146 {remma
238 3009 340 3133 aglom
353 3008 440 3062 simili
459 3008 534 3076 (Πῶς.
551 3009 593 3073 50,
609 3012 651 3071 16,
665 3009 711 3074 87)
727 3008 846 3074 Alfenus
860 3013 955 3060 auctor
968 3009 1103 3074 reperitur

98 3094 131 3131 e.
163 3098 187 3134 r.
201 3083 236 3132 4ὁ
279 3082 321 3146 a).

509 3264 683 3351 TITIUS

157 3444 207 3496 etsi
228 3444 331 3497 Titiam
353 3459 484 3511 amquam
505 3443 591 3509 fuisse
611 3443 715 3496 Merkel
733 3443 847 3511 aequum
870 3443 963 3505 Quoi.
980 3441 1022 3488 aa
1034 3439 1125 3486 Quam.

85 3514 150 3580 fassi·
165 3531 195 3582 p.
211 3515 301 3568 LXX
307 3515 351 3569 VI
351 3535 363 3581 ;
387 3515 422 3581 ef.
447 3515 532 3569 etium
552 3516 714 3570 Mommsen
734 3512 849 3566 CILI
867 3513 932 3572 'Q
952 3517 1036 3554 uuna
1058 3500 1096 3546 aa
1114 3509 1163 3562 ao¹

81 3586 187 3636 nullum
205 3602 261 3639 erre
281 3593 371 3655 petest
388 3588 512 3643 dubiam
536 3589 654 3660 (Hertz,
674 3588 708 3642 de
730 3586 769 3639 L.
790 3579 907 3637 Cluuiis
923 3592 958 3640 p.
970 3564 1095 3624 Rasum
1118 3567 1174 3612 quw.
