2422 3840
117 193 182 258 322
266 193 473 250 Grammaticae
492 196 594 250 aetatis
612 194 803 250 Varronianus
822 196 981 267 fragmenta

115 356 304 481 Ε-Ιοι-οοάη
319 375 375 412 ιιοιι
387 358 513 426 personis
527 357 688 423 utebantur,
702 359 735 410 ut
744 331 868 425 unalitas
883 356 984 412 coloris
993 355 1132 412 indicium

127 431 221 484 aoeret
234 429 345 498 aetatis,
364 445 428 482 cum
443 432 536 484 essent
550 432 600 484 aut
614 429 673 482 albi
688 431 738 482 aut
755 428 829 498 nigri
845 430 895 482 aut
908 429 969 483 rufi.
1002 427 1131 497 personis

114 517 178 554 vero
196 500 240 554 uti
258 499 357 570 primis
377 501 471 570 coepit
484 500 601 556 Roscius
617 499 722 568 Gallus,
741 501 909 569 praecipuus
926 499 1036 566 histrio,
1055 500 1131 569 quod

115 572 203 626 oculis
217 572 354 641 perversis
370 571 484 643 [eversis
499 573 590 627 codd:
604 590 651 626 ens.
665 573 731 626 Keil
744 572 803 626 coll.
820 572 873 627 Cic.
889 572 922 626 de
935 578 992 626 nat.
1008 573 1034 625 d.
1046 576 1071 638 1,
1083 571 1132 642 79]

115 645 176 697 erat
193 660 245 698 nec
264 643 332 697 satis
357 645 473 698 decorus
497 644 556 698 sine
583 644 624 715 [in
643 644 733 714 codd]
758 644 885 711 personis
908 643 963 697 nisi
989 643 1131 711 parasitus

113 715 325 784 pronuntiabat.
367 717 448 770 aliter
467 717 570 770 Donat.
590 715 622 768 de
644 715 759 770 comoed.
780 720 837 782 6,3
857 715 958 769 Kaibet
985 714 1130 783 personati

113 787 198 857 primi
218 787 309 856 egisse
324 787 456 841 dicuntur
473 787 647 841 comoediam
662 785 773 840 Cincius
792 787 845 858 [ct]
864 785 1000 852 Faliscus,
1018 787 1130 856 tragoe-

114 858 191 911 diam
205 857 345 912 Minucius
365 859 417 930 [et]
436 858 612 927 Prothyrnus.
632 851 680 924 ὀί.
696 859 823 924 Ribbeck,
841 859 919 914 acm.
935 865 1004 928 trag.
1019 875 1050 926 p.
1066 861 1130 912 670.

112 947 136 984 a.
153 934 186 982 10
222 929 310 984 Varro
334 931 366 984 de
389 931 405 983 l.
422 930 456 984 L.
478 934 503 997 7,
518 934 556 984 89
584 928 700 983 comiter
723 928 811 981 hilare
831 945 863 982 ac
886 927 1024 997 lubenter,
1049 928 1130 982 cuius

114 1001 192 1070 origo
207 999 316 1055 Graeca
335 1009 434 1070 κῶμος,
453 1001 520 1055 inde
539 1001 684 1054 comisatio
703 1000 790 1053 latine
810 1001 888 1054 dicta
907 1003 935 1054 et
953 1001 984 1053 in
1003 998 1129 1066 Graecia,

114 1075 147 1124 ut
165 1072 281 1140 quidam
300 1072 435 1139 scribunt,
454 1070 593 1145 κωμῳδία.
627 1073 662 1138 ef.
681 1074 767 1127 Arist.
784 1078 855 1141 poet.
871 1077 896 1127 3.
929 1073 1032 1126 Karbel
1047 1072 1135 1127 OGF

109 1148 210 1213 ndsq.
227 1149 269 1198 11.
285 1148 328 1198 12.
345 1148 388 1199 62.
405 1149 449 1197 67.
466 1149 510 1199 72.
538 1144 607 1198 Isid.
623 1161 661 1198 or.
677 1149 704 1210 8,
716 1148 741 1209 7,
752 1148 777 1198 6.
807 1145 980 1198 haecomnia
995 1144 1131 1199 Varronis

112 1231 166 1269 ease
183 1217 253 1270 satie
270 1217 414 1271 verisimile
433 1223 484 1281 eet,
503 1216 664 1284 prasertim
684 1233 744 1269 eam
762 1232 831 1268 rara
849 1232 901 1269 coa
926 1215 1073 1286 ‘calearia’
1094 1213 1133 1269 ab'

112 1303 141 1341 ec
164 1287 196 1340 in
219 1289 288 1342 libro
312 1289 355 1342 De
378 1289 533 1342 actionibus
554 1303 644 1341 scaea.
668 1293 806 1354 nsarpata
831 1287 876 1355 (fr.
892 1289 940 1356 82)
965 1288 1010 1340 bic
1031 1303 1130 1341 rancus

111 1359 336 1427 deprehendatur.

184 1454 197 1501 1
214 1464 311 1501 comae
325 1449 352 1501 B
363 1474 397 1492 =
407 1449 499 1502 Paria.
511 1452 592 1514 7493,
608 1449 741 1517 Monac.)
757 1464 852 1500 aomoe
866 1449 894 1501 A
905 1473 938 1491 =
950 1448 1042 1501 Paria.
1056 1451 1129 1502 7492

112 1519 233 1572 tfuerit
247 1520 314 1573 AM
376 1519 464 1572 cladi
479 1520 545 1573 AM
608 1517 812 1586 'lcompitalici
826 1520 966 1588 (conari)
1022 1519 1128 1573 comice

112 1593 187 1659 (-cae
208 1591 253 1659 M)
282 1591 352 1645 odae
467 1590 568 1645 8vela
592 1606 661 1645 enea
680 1590 746 1644 AM
858 1595 889 1642 11
915 1589 1128 1644 comisationem

111 1664 254 1732 (esa-B)
273 1664 330 1716 AB
358 1662 598 1717 commirationem
618 1663 655 1714 M
720 1661 770 1729 qui
788 1663 856 1716 AM
932 1668 965 1716 12
984 1678 1081 1715 comae
1100 1664 1128 1717 B

583 1798 648 1855 306

177 1897 298 1973 togatae
322 1894 442 1953 fabulae
464 1894 604 1953 dicuntur
623 1912 698 1970 quae
722 1895 850 1968 scriptae
874 1895 944 1952 sunt
967 1894 1128 1954 secundum

109 1985 185 2044 ritus
209 1987 241 2043 et
262 1983 398 2043 habitum
421 1984 576 2042 hominum
603 1986 776 2061 togatorum
799 1982 831 2041 id
855 1986 900 2042 est
922 1982 1127 2042 Romanorum

110 2065 197 2153 (toga
229 2092 359 2149 namque
391 2073 527 2132 Romana
559 2065 627 2154 est),
665 2075 742 2132 sicut
775 2070 903 2132 Graecas
938 2072 1056 2131 fabulas
1089 2073 1127 2132 ab

109 2162 215 2220 habitu
239 2182 333 2238 aeque
355 2162 498 2238 palliatas
520 2162 617 2221 Varro
641 2163 686 2220 ait
709 2162 867 2221 nominari.

182 2254 275 2307 Dion.
296 2269 326 2320 p.
349 2256 419 2319 489,
443 2257 478 2307 14
504 2251 587 2306 initio
615 2253 730 2322 togatae
763 2251 923 2305 comoediae
952 2251 1127 2320 dicebantur,

109 2324 184 2393 quod
208 2323 303 2378 omnia
325 2323 355 2376 in
378 2323 492 2392 publico
511 2322 616 2377 honore
640 2323 755 2377 confusa
774 2322 970 2389 cernebantur,
994 2340 1066 2391 quae
1084 2325 1127 2377 to-

108 2397 191 2463 gatae
214 2397 314 2464 postea
336 2395 366 2447 in
389 2396 581 2464 praetextatas
608 2397 637 2447 et
655 2394 829 2449 tabernarias
850 2393 1056 2448 dividebantur.
1094 2413 1127 2448 to-

108 2484 208 2529 gatae-
218 2481 335 2521 nominari.
359 2467 471 2536 togatas
491 2469 595 2535 autem,
615 2483 678 2519 cum
693 2466 730 2518 sit
743 2466 875 2536 generale
889 2482 999 2533 nornen,
1018 2467 1126 2534 specia

108 2537 174 2592 liter
192 2541 288 2592 tamen
306 2554 356 2606 pro
376 2538 544 2591 tabernariis
563 2555 619 2591 non
638 2538 721 2592 modo
741 2537 895 2590 communis
911 2553 986 2591 error
999 2539 1126 2606 usurpat,

108 2609 157 2677 qui
176 2608 275 2663 Afrani
298 2609 378 2680 [quia
396 2608 476 2662 fauni
494 2609 584 2680 cedd]
602 2609 715 2680 togatas
735 2608 873 2677 appellat,
900 2609 949 2662 sed
968 2610 998 2662 et
1015 2610 1125 2677 poetae,

107 2682 141 2733 ut
154 2679 288 2734 Horatius
307 2681 356 2748 qui
377 2681 417 2734 ait
437 2681 604 2752 [Nesea
631 2681 685 2734 ‘vel
704 2680 752 2748 qui
771 2682 931 2748 praetextas
950 2680 995 2733 vel
1009 2681 1058 2747 qui
1077 2681 1126 2735 do-

108 2767 190 2805 cuere
208 2753 342 2820 togatas'.
361 2754 523 2821 togatarum
541 2751 700 2806 fabularum
720 2752 827 2820 species
846 2752 889 2805 tot
903 2751 962 2804 fere
976 2753 1042 2804 sunt
1056 2754 1126 2820 quot

108 2823 137 2876 et
159 2822 348 2892 palliatarum.
386 2840 451 2876 nam
469 2825 562 2892 prima
580 2823 687 2892 species
707 2824 750 2876 est
772 2824 934 2893 togatarum
953 2838 1025 2890 quae
1044 2839 1125 2892 prae·

107 2896 233 2948 tentatae
253 2895 391 2962 dicuntur,
411 2895 441 2947 in
460 2895 561 2964 quibus
580 2896 782 2963 imperatorum
796 2896 911 2964 negotia
926 2895 1083 2963 agebantur
1097 2896 1126 2948 et

107 2964 222 3034 publica
249 2967 278 3021 et
301 2983 380 3035 reges
404 2966 523 3020 Romani
549 2966 595 3021 vel
623 2967 707 3020 duces
732 2966 916 3031 inducuntur,
943 2982 1125 3034 personarum

108 3037 247 3106 dignitate
267 3039 296 3091 et
315 3038 518 3110 [personarum]
539 3037 713 3090 sublimitate
731 3037 886 3107 tragoediis
905 3035 1018 3091 similes.
1045 3053 1124 3106 prae-

106 3110 232 3163 textatae
247 3110 342 3162 autem
357 3109 495 3177 dicuntur,
511 3111 578 3177 quia
592 3108 650 3162 fere
664 3126 762 3178 regum
776 3108 820 3162 vel
833 3109 1059 3178 magistratuum,
1075 3109 1124 3177 qui

106 3182 253 3248 praetexta
271 3182 398 3248 utuntur,
419 3181 449 3234 in
468 3181 528 3234 eius
546 3181 624 3234 modi
642 3180 747 3234 fabulis
767 3182 830 3233 acta
850 3180 1123 3248 conprehenduntur.

108 3252 231 3306 secunda
250 3252 357 3321 species
373 3251 459 3325 <est>
478 3254 638 3323 togatarum
658 3268 730 3319 quae
748 3251 926 3305 tabernariae
946 3251 1077 3305 dicuntur
1097 3253 1125 3304 et

106 3322 267 3376 humilitate
285 3340 467 3392 personarum
486 3326 514 3377 et
529 3326 756 3394 argumentorum
771 3322 957 3377 similitudine
972 3323 1123 3377 comoediis
1138 3350 1159 3383 χ

105 3410 195 3463 pares,
215 3395 245 3448 in
264 3395 365 3462 quibus
384 3413 440 3450 non
459 3396 642 3465 magistratus
661 3412 774 3464 regesve
794 3395 843 3450 sed
862 3393 982 3449 humiles
996 3394 1123 3448 homines

106 3469 135 3519 ct
154 3467 284 3534 privatae
308 3467 405 3520 domus
429 3467 609 3534 inducuntur,
633 3482 706 3534 quae
730 3467 845 3534 quidem
864 3467 1016 3591 Quaedam
1034 3466 1123 3537 codd]

91 3536 171 3602 olim,
202 3538 282 3606 quod
307 3537 415 3595 tabulis
441 3540 615 3613 tegerentur,
641 3537 825 3594 communiter
842 3539 876 3590 ta
894 3553 978 3592 ornae
1003 3538 1124 3617 [norim

72 3606 176 3676 codd]
203 3611 390 3670 vocabantur.
438 3615 529 3671 tertia
558 3613 671 3688 species
701 3613 746 3668 est
771 3609 937 3664 tabularum
958 3607 1136 3671 tietmarum,
