2422 3840
425 199 462 253 M.
481 199 627 254 Terentius
647 199 734 254 Varro
1022 200 1087 264 299

141 366 155 413 1
181 358 200 411 h
225 359 322 414 littera
350 361 424 428 (am
443 360 558 414 Braaez.
585 361 687 423 Goion.)
716 360 740 412 si
761 377 811 427 pro
838 359 939 428 (primo
958 377 1000 430 op.
1019 360 1088 427 p⁶r

66 432 208 499 Bruael.):
228 448 277 486 em.
298 432 396 486 Carrio

478 557 560 622 280ὁ
584 557 671 642 [58⁶]

137 672 168 729 si
198 671 239 728 ab
272 670 448 729 ariditate
478 670 628 743 dieitur,
665 690 734 730 non
766 670 873 728 habat
907 664 938 748 [h
961 671 1088 729 litteram

65 753 210 908 ffirgrtffl
242 761 274 818 si
301 759 342 818 ab
372 759 565 833 haerendo,
598 763 636 817 ut
663 761 700 818 in
730 758 882 817 fabricis
914 759 1087 832 videmus,

140 947 213 1002 Serv.
228 949 297 1002 Aea.
314 951 409 1013 1,172
429 945 565 1001 ‘harena'
590 947 735 1014 quaeritur
752 946 857 1000 habeat
880 962 968 1000 neone
985 963 1088 1000 nomen

66 1017 122 1072 hoo
146 1018 354 1087 aspirationem.
399 1021 427 1072 et
451 1017 538 1071 Varro
567 1018 608 1071 sio
631 1017 741 1072 definit:
770 1031 959 1072 sinuationem
973 1049 999 1057 -
1012 1033 1087 1072 nanos.

66 1089 168 1143 melior
185 1091 283 1143 tamen
301 1092 344 1144 est
362 1089 489 1158 superior
508 1089 687 1159 etymologia.

141 1202 156 1248 2
177 1196 211 1267 si]
232 1196 282 1250 sed
301 1196 401 1250 Hamb.
486 1195 610 1250 herendo
631 1196 705 1250 Cass.
726 1196 803 1264 Lipa.
824 1195 925 1250 Hamb.

477 1366 561 1423 280⁰
584 1357 676 1443 [58⁰]
924 1433 925 1436 Ἴ

134 1474 259 1548 paooant
289 1504 329 1512 -
359 1472 412 1546 qui
439 1471 600 1547 prehensus
629 1490 697 1530 oum
730 1471 911 1546 aspiratione
944 1470 1088 1544 scribunt,

66 1579 137 1620 oum
155 1579 222 1618 eam
240 1561 338 1636 prima
356 1579 485 1636 persona
502 1579 563 1619 non
581 1559 698 1634 habeat,
717 1562 747 1618 et
766 1559 904 1618 similiter
922 1559 1088 1634 vehemens,

68 1668 138 1708 oum
161 1650 233 1708 avi
255 1651 364 1708 mantis
387 1649 512 1707 dioatur.
559 1667 650 1724 quam
674 1647 796 1725 quidam
819 1651 930 1724 putant
961 1649 1086 1708 adician-

67 1738 148 1811 dam,
172 1740 313 1814 quoniam
335 1739 425 1796 inon
450 1737 532 1796 aliud
555 1739 667 1814 putant
690 1755 862 1812 essequam
886 1755 902 1790 a
923 1756 938 1791 a
963 1736 1087 1796 alterius

69 1828 155 1902 ferri,
186 1845 254 1885 oum
276 1828 346 1885 huie
374 1828 463 1886 verbo
487 1826 550 1886 sino
578 1826 763 1884 dubitatione
794 1827 951 1902 aspiratur.
997 1829 1088 1904 negat
1115 1838 1127 1878 ⁵

68 1915 165 1974 Varro
194 1917 286 1974 etiam
309 1914 421 1975 Graeco
450 1915 655 1991 aspirandum,
687 1917 829 1990 quoniam
851 1935 870 1974 a
897 1915 1024 1992 gerendo
1048 1916 1089 1974 sit·

68 2007 311 2082 cognominatus,
334 2008 461 2064 matrem
485 2005 562 2063 enim
587 2006 658 2077 eius,
682 2006 736 2080 qui
758 2005 872 2080 primus
897 2003 1024 2063 Graoous
1049 2005 1088 2062 sit

69 2093 181 2168 dietus,
212 2094 366 2152 duodecim
394 2095 545 2153 mensibus
573 2098 657 2152 utero
685 2112 765 2163 eum¹
782 2094 916 2170 gessisse.
963 2095 993 2151 ot
1020 2093 1089 2168 pul·

69 2184 174 2242 ohram
207 2185 342 2258 quamvis
370 2183 402 2240 in
430 2182 641 2242 consuetudine
672 2182 829 2258 aspiratur,
861 2183 955 2240 nihilo
988 2183 1086 2241 minus

68 2269 171 2331 tamen
200 2274 278 2330 ratio
310 2272 426 2330 exiliter
449 2276 478 2330 et
505 2271 721 2330 enuntiandum
749 2274 779 2331 at
806 2270 993 2330 scribendum
1024 2288 1086 2329 essa
1103 2282 1128 2322 1⁰

68 2360 235 2436 persuadet,
260 2380 296 2419 ne
319 2380 379 2419 una
403 2363 522 2420 omnino
547 2360 637 2420 diotio
662 2360 801 2419 adversus
819 2359 922 2418 Latini
945 2361 1088 2418 sermonis

68 2453 209 2509 naturam
233 2451 330 2508 media
353 2450 509 2526 aspiratur.
593 2483 595 2486 <

145 2549 203 2602 Ter.
224 2549 319 2602 Scaar.
339 2566 368 2616 p.
390 2552 484 2613 19,13
509 2546 640 2600 similiter
658 2565 752 2609 peooant
765 2578 797 2599 -.
824 2544 893 2599 item
912 2561 951 2608 qui
965 2562 1088 2608 prehensus

67 2651 94 2659 —
108 2634 224 2682 aspiratur.
257 2619 384 2688 quamvis
404 2619 505 2673 Santra
525 2619 572 2689 [fr.
587 2620 631 2689 11]
652 2618 797 2672 aGraeois
816 2619 897 2686 putet
916 2634 976 2671 asse
995 2619 1085 2671 trans-

68 2690 160 2744 latum
179 2691 260 2757 quasi
278 2690 444 2759 poliohrum.

143 2797 362 2865 lreprehensus
382 2797 447 2851 Keil
465 2814 498 2851 ex
522 2797 575 2850 Vel¹
597 2796 684 2866 Loap.
703 2797 738 2861 fr
753 2800 809 2850 280
918 2801 933 2847 2
956 2794 1087 2876 persona]

69 2868 174 2936 positio
193 2868 259 2922 Keil
277 2870 336 2923 coll
357 2869 410 2923 Vel.
429 2868 516 2937 Loap.
536 2868 603 2921 ibid.
644 2883 772 2921 veemens
792 2867 876 2920 Bora.
950 2871 966 2918 4
986 2866 1013 2920 ,ἱ
1032 2882 1088 2919 non

70 2957 94 2993 a.
115 2958 142 3007 p.
163 2956 185 2992 e.
206 2956 231 3006 q
253 2955 276 2991 a.
296 2938 363 2992 ferri
387 2956 450 2992 oum
473 2939 526 2992 hoo
550 2940 634 2993 Bera.
659 2938 700 2991 hii
715 2955 769 3006 pro
792 2938 847 2992 iet
868 2936 928 2990 fieri
944 2953 997 3006 pro
1020 2935 1088 2989 ferri

70 3013 133 3066 Pol.
154 3009 239 3063 altius
253 3010 325 3075 vehi,
343 3028 406 3064 oum
420 3011 473 3064 hoo
487 3011 603 3064 verbum
616 3012 686 3064 ooai.
702 3010 847 3064 Schneider
866 3008 915 3061 alt
895 3011 951 3061 trus
965 3010 1088 3061 mentem

47 3119 49 3124 -
69 3082 143 3148 vohi,
169 3081 199 3134 id
218 3081 346 3134 ostfarri
366 3083 522 3136 Wilmaaas
541 3081 626 3134 aitrus
646 3081 765 3135 evehens
783 3082 823 3135 vel
846 3078 890 3132 ult
878 3077 964 3132 terius
984 3080 1087 3132 vehens

70 3189 137 3242 Keil
211 3169 329 3257 tgredo
348 3190 433 3242 Bora.
453 3188 557 3257 gracho
575 3189 637 3241 Pal
716 3188 830 3240 8utero
850 3186 982 3269 gessisset
1002 3186 1087 3239 Bora

69 3262 182 3313 uterum
201 3259 268 3312 -isse
288 3260 363 3313 Pola
384 3277 431 3313 em.
451 3260 558 3314 Bassam
650 3263 682 3311 10
701 3258 784 3311 exhi
804 3258 877 3327 (exi
897 3258 970 3325 Pal.)
993 3256 1088 3309 littere

69 3331 288 3384 tenuntiandum
361 3336 393 3384 12
413 3333 515 3383 natura
529 3330 623 3384 media
638 3331 722 3384 Bora
742 3331 872 3382 naturam
886 3327 1009 3381 mediam
1024 3329 1086 3381 Pal.

478 3474 565 3541 280d
608 3474 664 3541 58¹³

131 3559 259 3644 Graecus
287 3590 318 3645 et
345 3591 431 3649 ortus
459 3590 526 3652 sine
563 3474 763 3672 agpirdious
797 3589 867 3648 disi
900 3583 1020 3643 donare
1035 3573 1155 3627 aazia
