2422 3840
130 182 197 247 564
297 181 503 236 Grammaticus
522 181 624 236 aetatis
642 181 804 252 Augusteae
822 181 982 250 fragmenta

130 351 194 410 vita
219 351 338 410 functos
362 353 391 409 et
415 351 555 426 sepultos,
585 368 691 425 eosque
715 349 853 409 habuisse
876 349 1030 425 proprium
1054 368 1146 427 genus

130 440 223 499 tubae
248 459 310 516 qua
334 443 472 498 canerent
496 459 514 498 a
537 442 702 506 ceterorum
724 438 890 497 tubicinum
913 439 1059 497 differens.

205 539 274 593 Gell-
293 542 338 605 20,
357 544 385 604 2,
403 543 421 592 3
445 564 488 592 nos
512 541 607 592 autem
629 553 654 592 in
668 551 781 600 capitonis
794 570 821 577 —
834 552 944 592 differens.
980 539 1016 604 cf.
1041 538 1096 594 Cic.
1116 539 1148 592 de

132 612 179 681 lep.
193 613 221 676 2,
237 614 279 664 57.
317 611 391 664 Noa.
411 627 441 678 p.
457 613 501 676 54,
514 613 552 664 23
577 608 742 663 ‘siticines'.
779 610 812 661 ut
829 609 951 663 liticines
970 623 988 662 a
1006 608 1092 675 lituo,
1115 614 1148 663 ut

130 681 271 734 tubicines
286 681 389 749 stuba,
403 681 446 734 ita
455 680 589 749 siticines,
604 680 653 748 qui
668 683 737 749 aput
751 681 893 734 funeratos
904 679 946 733 ve]
962 679 1021 734 vita
1036 679 1148 735 functos

79 787 81 793 ·
132 756 160 806 et
175 751 308 821 sepultos,
327 752 379 805 hoc
394 755 437 806 est
455 753 513 804 iarn
527 751 604 819 sitos,
624 768 723 805 canere
743 752 819 806 soliti
836 755 916 806 erant
933 751 1048 804 honoris
1063 768 1148 806 cansa

132 827 230 877 cantus
254 822 453 877 lamentabilis.
491 824 543 877 hoc
561 822 592 876 in
609 822 689 877 libris
713 822 900 877 coniectaneis
918 822 984 876 Atei
1003 821 1148 892 Capitonis

131 895 281 1020 Quenitur,
296 898 324 948 et
334 892 402 948 Cato
418 894 499 965 [orat.
510 896 569 948 LX
574 894 669 948 VIIII
673 895 714 965 J.]
728 894 759 947 id
773 893 939 948 vocabulum
952 893 1148 949 indubitanter

168 966 271 1035 posuit.

205 1087 220 1134 3
241 1081 353 1135 functos
373 1085 401 1135 et
420 1081 550 1152 fun(c)tos
570 1084 598 1134 et
616 1081 752 1153 Mapla'ab.
773 1082 870 1152 Rspice.
890 1085 944 1136 597
961 1088 986 1135 et
1005 1085 1078 1136 1646

347 1311 396 1365 EX
416 1312 531 1366 LIBRIS
551 1311 600 1365 DE
620 1311 707 1366 1URE
729 1312 932 1368 PONTIFIOIO

591 1465 613 1522 2
637 1457 687 1541 [2]

200 1588 248 1645 tib.
270 1589 322 1647 VI.
368 1586 518 1646 mundus
548 1619 591 1627 —
617 1589 672 1645 ter
701 1588 737 1644 in
767 1606 857 1646 anno
887 1592 1011 1663 patere
1042 1589 1149 1662 solet,

134 1676 260 1736 diebus
297 1677 368 1735 his:
405 1676 584 1752 postridie
619 1676 831 1735 Volcanalia
868 1680 902 1735 et
938 1680 1020 1736 ante
1058 1677 1149 1736 diem

133 1763 203 1842 <111
219 1766 305 1825 Non.
326 1763 398 1824 Oct.
423 1769 457 1824 et
481 1769 561 1824 ante
584 1760 697 1844 diem>
719 1765 763 1822 VI
786 1766 833 1824 Id.
856 1766 954 1840 Nov.;
977 1769 1040 1841 qui
1063 1768 1149 1842 quid

134 1854 187 1913 ita
211 1855 363 1929 dicatur,
387 1855 438 1914 sic
461 1856 574 1913 refert
594 1853 681 1913 Cato
704 1856 740 1912 in
764 1857 1032 1915 commentariis
1056 1857 1149 1914 iuris

108 1944 257 2002 scivilis
281 1937 534 2023 [scprefr.18]:
559 1938 701 2001 ‘mu-ndo
725 1963 849 2002 nomen
872 1945 1072 2019 inpositum
1096 1948 1149 2004 est

136 2032 176 2090 ab
200 2052 238 2091 eo
261 2033 389 2091 mundo
414 2035 475 2108 qui
503 2051 611 2107 supra
633 2051 696 2090 nos
720 2038 786 2107 est3
814 2034 928 2092 forma
956 2035 1049 2091 enim
1073 2037 1149 2092 eius

135 2125 202 2196 est,
225 2124 264 2179 ut
285 2141 324 2180 ex
346 2121 401 2180 his
422 2124 483 2196 qui
505 2124 689 2182 intravere
710 2140 924 2198 cognoscere
948 2125 1065 2197 potui,
1089 2123 1148 2180 ad·

135 2210 268 2269 similis
291 2206 404 2269 iilae'.

206 2310 280 2364 Fert.
290 2327 321 2378 p.
337 2314 389 2364 151
396 2313 417 2374 b,
433 2314 469 2363 30
487 2324 589 2373 manuus,
608 2311 640 2362 ut
659 2309 699 2362 ait
714 2308 813 2378 Capito
828 2308 926 2363 Ateius
945 2311 975 2363 in
994 2309 1013 2362 1.
1028 2310 1067 2364 VI
1081 2327 1149 2379 pon-

134 2378 242 2447 tificali,
265 2399 299 2435 tor
312 2413 339 2420 -
352 2395 461 2435 numius
478 2395 536 2434 suae.
568 2382 661 2451 perpet
683 2383 770 2436 oratio
789 2383 872 2435 Ateii.
909 2382 941 2435 de
963 2398 992 2435 re
1015 2383 1050 2448 cf.
1076 2382 1149 2436 Fest.

130 2468 160 2519 p.
177 2456 257 2517 14202,
270 2456 315 2506 22.
353 2454 435 2506 Paul.
450 2469 480 2520 p.
497 2456 598 2517 156,1.

207 2573 222 2620 2
242 2567 410 2639 Volkanalip
428 2571 508 2623 tante
576 2551 579 2559 ⁷
598 2573 613 2619 3
636 2568 674 2621 III
692 2599 727 2608 -
745 2568 821 2621 diem
839 2570 927 2637 suppl.
949 2567 1056 2622 OMae.

584 2739 604 2795 3
628 2730 699 2816 [15]

202 2861 337 2935 pollex,
367 2861 426 2935 qui
453 2879 579 2919 nomen
602 2861 643 2919 ab
668 2879 706 2920 eo
730 2860 825 2937 quod
851 2860 968 2936 pollet
996 2864 1151 2938 accepit,

136 2949 253 3006 necin
272 2950 425 3007 sinistra
445 2953 562 3009 cessat
584 2969 647 3008 nec
665 2950 780 3009 minus
800 2968 902 3025 quam
925 2952 1003 3008 tota
1027 2971 1151 3010 manus

138 3040 324 3112 semperin
339 3039 467 3098 officio
482 3043 547 3113 est3
562 3039 702 3098 undeet
717 3039 811 3115 apud
826 3039 978 3098 Graecos
993 3035 1152 3119 ἀντίχειρ

137 3130 288 3184 vocatur
311 3129 416 3202 quasi
438 3147 561 3187 manus
583 3128 709 3187 altera.

211 3226 335 3279 Macrob.
355 3230 486 3291 7,13,11
510 3226 540 3279 in
563 3226 687 3279 medium
708 3226 818 3294 profero
833 3241 905 3293 quae
925 3226 959 3278 de
977 3225 1034 3280 bac
1052 3228 1152 3282 eadem

139 3311 226 3348 causa
251 3297 327 3364 apud
351 3295 465 3349 Ateium
491 3296 656 3365 Capitonem
684 3296 822 3366 pontificii
848 3296 917 3350 iuris
945 3296 1019 3351 inter
1047 3300 1152 3367 primos

132 3366 260 3435 peritum
278 3366 380 3438 legisse
398 3369 514 3421 memini
528 3401 554 3408 —
573 3369 661 3439 [Ateii
673 3370 753 3422 aerbo
767 3370 872 3422 dotem
886 3385 989 3438 usuque
1003 3373 1153 3426 scabram

125 3440 230 3515 amm]
258 3455 327 3497 nam
340 3457 420 3508 pollex
429 3476 456 3484 -
466 3449 571 3513 ἀντίχειρ
588 3440 682 3510 inquii.
692 3457 784 3494 uocatur
794 3471 821 3481 —-
833 3455 903 3493 altera
916 3472 942 3479 -
961 3441 1064 3511 [perpet
1078 3444 1154 3497 Ateii

114 3516 234 3592 oratebj.
279 3517 356 3576 haec
381 3524 464 3589 sunt,
493 3534 569 3591 quae
591 3513 682 3573 tectio
704 3509 876 3584 portuosus
890 3509 990 3591 bebet-
1028 3513 1064 3574 et.
1088 3514 1151 3567 [sid.

104 3604 148 3646 or.
167 3596 214 3662 11,
232 3600 259 3665 1,
283 3600 331 3653 70.
373 3597 468 3657 OGL
491 3584 862 3662 11152,45.vsss‚8·
