2422 3840
104 169 169 233 468
270 168 476 223 Grammaticus
496 169 598 222 aetatis
616 169 777 237 Augustoae
796 168 955 239 fragmenta

105 329 150 396 (cs.
164 331 234 384 Aur.
252 329 343 398 Opill,
359 329 405 382 At.
420 328 504 394 Phil,
520 328 598 382 stou.
616 328 681 397 Cap.
697 334 797 394 lest.1;
815 330 874 383 Acl.
892 330 974 393 Gall,
987 329 1034 382 Ar.
1052 329 1119 397 Cap.

104 403 135 454 iu
149 401 268 471 froom).
300 408 390 455 tauieu
403 417 487 467 ireque
500 401 544 453 liic
558 407 685 454 constans
698 401 777 454 Festi
788 417 846 454 uos
859 407 897 454 est
915 400 960 469 (cf.
975 401 1034 453 Acl.
1050 399 1120 456 Stilo

104 477 160 526 test.
177 475 205 537 2,
225 474 308 526 Meso.
328 470 431 536 Rufus,
450 472 553 525 Autist.
573 473 684 539 Labeo),
703 478 727 525 et
747 472 870 526 Cloatius
889 472 974 526 Verus
993 489 1011 524 a
1032 471 1120 526 Gellio

104 559 164 596 uua
182 560 245 598 curu
264 545 394 607 Varrone,
414 560 432 595 a
452 543 596 597 Macrobio
614 560 675 596 curu
691 543 780 597 Cocio
795 544 893 607 Basso,
911 560 972 596 curi
992 543 1121 609 Verauio,

104 629 165 667 cum
180 613 268 682 Oppio
282 615 398 682 aliisque
412 615 566 668 vetustioris
580 615 679 668 aetatis
692 615 871 682 scriptoribus
884 622 1121 681 courueuorotur;

105 702 190 753 quare
208 687 241 739 cle
258 702 314 739 uuo
333 685 473 753 eodemque
491 685 598 739 torulus
616 687 664 755 api
681 686 748 738 satis
765 687 910 738 uerisimile
924 691 969 738 est.
998 687 1121 753 quicum

103 757 186 823 tcum
200 757 356 827 Aupustaru
374 757 480 810 uouerit
493 757 538 824 (fr.
550 759 577 823 9)
594 755 735 824 Verriique
749 763 845 810 auctor
857 758 951 822 fucrit,
969 757 1051 810 iuitio
1065 759 1121 823 fere

104 828 263 898 Aupusteae
281 829 379 881 aetatis
402 828 493 880 clarus
511 829 615 893 eutitit;
638 828 668 880 iol
686 828 758 896 quod
780 844 841 881 curu
859 843 889 881 co
907 829 1032 882 couoeuit
1049 829 1122 895 quod

106 898 206 953 Festus
220 899 359 953 Cloatium
376 904 517 965 tamquam
532 915 566 952 eso
580 899 683 953 Stiloue
699 898 856 966 pertaesum
876 900 986 966 saepius
1003 899 1122 965 iuclucit,

105 971 186 1024 Ateio
197 970 347 1041 Ptrlolopo,
363 970 457 1024 Ciucio
467 969 585 1024 Sautrae
595 971 754 1040 plerumque
768 971 938 1024 adiunctum.
962 977 1056 1024 terrere
1070 972 1123 1026 hoc

105 1041 136 1094 iu
154 1057 184 1095 re
201 1041 393 1095 iudicaveruut
416 1041 517 1111 Epper,
540 1041 604 1094 Lat.
623 1057 699 1095 serra.
718 1047 767 1095 oet.
786 1043 843 1095 rell.
862 1044 907 1095 sel.
925 1058 952 1109 p.
969 1044 1004 1094 32
1023 1042 1088 1095 adri.
1105 1048 1121 1096 1

105 1117 131 1166 et
150 1113 266 1178 Mirscle,
284 1113 317 1167 de
337 1113 416 1166 Varr.
437 1114 523 1180 autiq.
542 1129 593 1166 rer.
612 1113 685 1165 tuus.
701 1129 729 1179 p.
746 1117 780 1166 11
798 1113 863 1166 adu.
878 1117 898 1167 2
915 1113 959 1180 (cs.
975 1129 1005 1180 p.
1022 1117 1075 1181 51).

177 1327 309 1394 reliquias
327 1326 385 1380 coll.
407 1325 507 1396 Epper,
526 1327 590 1380 Lat.
611 1342 687 1379 serui.
707 1332 755 1379 ret.
775 1326 832 1380 rell.
855 1327 900 1380 sel.
925 1327 1123 1395 (Paris1843)

102 1413 132 1534 ²1²ss
148 1398 293 1538 {jesboc}
311 1396 402 1463 Cocta,
422 1397 618 1466 Paulp-Wiss.
635 1397 663 1450 11
668 1398 698 1450 Ε
715 1402 740 1462 4,
755 1402 798 1450 61.
831 1397 944 1465 Prosop.
961 1399 1026 1465 iup.
1042 1396 1122 1452 Rom.

479 1700 751 1767 FRAGMENTA

282 1875 488 1931 VERBORUM
506 1876 532 1929 A
551 1875 703 1930 GRAECIS
722 1875 947 1930 TRACTORUM

184 2019 251 2073 Geli.
268 2023 312 2083 16,
328 2022 402 2084 12,1
422 2017 546 2072 Cloatius
560 2017 650 2072 Verus
669 2018 801 2084 inlibris,
821 2036 890 2086 quos
905 2018 1049 2086 inscripsit
1063 2034 1125 2071 ver-

109 2089 209 2143 borum
228 2105 244 2142 a
266 2088 379 2143 Graecis
398 2090 564 2157 tractorum,
583 2106 640 2143 non
657 2106 748 2158 pauca
767 2089 860 2143 hercle
880 2089 950 2142 dicit
968 2090 1077 2143 curiose
1097 2093 1127 2145 et

110 2161 250 2283 suffeciter
268 2160 434 2227 conquisita,
454 2176 544 2228 neque
563 2164 733 2214 nontamen
752 2162 890 2227 quaedam
909 2161 1016 2213 futtilia
1031 2163 1060 2214 et
1075 2161 1125 2214 fri-

110 2247 143 2285 vo
157 2249 182 2284 a.
207 2234 351 2299 suscriptio
366 2249 384 2284 a
398 2233 542 2286 Macrobio
561 2233 740 2299 contueatur
758 2233 803 2301 (fr.
820 2235 855 2303 5).
875 2233 907 2286 cle
925 2250 954 2286 re
967 2234 1000 2298 et.
1016 2234 1124 2302 prsi-

109 2310 196 2357 crates
213 2320 243 2373 p.
266 2307 329 2358 108.
366 2306 447 2358 uerba
465 2305 497 2358 lu
519 2305 625 2358 litteras
650 2305 754 2373 dipesta
777 2321 833 2358 uou
851 2311 943 2370 eraut,
967 2305 993 2357 si
1015 2305 1125 2371 quidem

113 2373 217 2428 Cellius
235 2377 351 2443 (1112)
369 2377 401 2428 iu
418 2377 514 2445 plossis
532 2376 679 2441 affereurlis
695 2375 797 2429 Cloatii
815 2376 937 2429 ordiueus
954 2381 1061 2429 secutus
1078 2384 1123 2430 est.

110 2462 159 2500 uos
178 2452 269 2500 taueu
286 2463 386 2500 uorem
404 2454 527 2501 uostruu
540 2463 739 2515 persequemur.

514 2601 532 2654 1
558 2590 591 2674 [1
611 2591 722 2675 Epper]

178 2720 225 2777 lit.
245 2720 303 2778 IV.
354 2722 386 2779 in
413 2721 490 2779 libro
519 2723 625 2796 quarto
655 2715 813 2801 [Cloatius]
844 2721 1052 2779 faenerator
1080 2722 1126 2779 in-

112 2810 178 2882 quit
215 2809 425 2884 appellatus
462 2813 516 2868 est
552 2813 657 2885 quasi
698 2809 921 2889 φαινεράτωρ
957 2806 1025 2869 ἀπὸ
1063 2818 1125 2869 τοῦ

112 2896 310 2971 φαίνεσθαι
346 2895 401 2956 ἐπὶ
439 2897 475 2958 τὸ
510 2897 758 2979 χρηστότερον,
795 2901 936 2974 quoniam
967 2899 999 2956 id
1031 2919 1126 2976 genus

111 2986 267 3043 hominum
290 2987 417 3060 speciem
441 2990 591 3047 ostentent
620 2989 816 3047 humanitatis
840 2992 870 3045 et
893 2988 1039 3047 commodi
1063 3006 1126 3048 esse

86 3074 271 3132 evideantur
298 3076 438 3151 inopibus
465 3095 603 3136 nummos
631 3077 874 3150 desiderantibus,
901 3077 992 3151 idque
1016 3077 1127 3137 dixisse

112 3164 156 3220 ait
179 3163 379 3238 Hypsicraten
403 3168 573 3240 quempiam
596 3169 831 3243 grammaticum,
856 3165 938 3224 cuius
961 3165 1031 3223 libri
1054 3186 1126 3226 sane

112 3251 227 3310 nobiles
251 3256 320 3311 sunt
343 3271 432 3330 super
454 3254 510 3328 his,
534 3274 609 3329 quae
633 3274 651 3313 a
676 3254 794 3313 Graecis
819 3257 940 3330 accepta
963 3259 1041 3313 sunt.

186 3350 253 3405 Cell.
270 3356 314 3418 16,
329 3355 372 3417 12,
388 3356 405 3406 5
424 3353 473 3405 sed
491 3368 516 3406 in
528 3367 587 3407 uero
601 3371 680 3416 quarto
701 3354 864 3424 [uuouuu
883 3371 901 3405 a
921 3352 1035 3407 Graecis
1053 3359 1126 3408 trac·

100 3422 224 3551 leuauit]
235 3455 263 3463 -
275 3441 371 3490 sooepu
384 3441 443 3482 sunt.
471 3424 528 3480 sive
547 3423 601 3480 hoc
620 3426 712 3479 autem
732 3425 792 3493 ipse
811 3423 935 3477 Cloatius
954 3424 1012 3477 sive
1031 3426 1127 3480 nescio

87 3493 157 3556 qur's
178 3511 197 3549 a
218 3496 259 3552 'us
281 3499 393 3558 nebulo
419 3499 563 3573 effutivit,
583 3497 661 3556 1111111
680 3498 778 3570 potest
800 3494 1012 3550 1111111111.
1046 3498 1128 3551 aliter

80 3561 176 3621 Vario
192 3572 236 3638 sr-
251 3577 303 3632 36.
338 3578 376 3635 de
400 3577 491 3637 Gellii
509 3584 629 3636 auctore
650 3575 687 3644 of.
709 3572 891 3643 prsicretes
910 3566 1040 3629 11112-
