2422 3840
118 156 183 221 506
284 155 489 211 Grammaticos
509 156 611 210 aetatis
630 157 792 226 Augustcae
811 155 970 224 fragmenta

119 325 239 400 eadunt,
264 325 387 384 modum
409 323 531 384 tenuit?
577 324 655 400 quod
679 328 709 383 et
732 343 767 383 ex
788 324 939 383 veteribus
962 325 1027 383 eius
1050 324 1137 383 libris

118 415 311 473 manifestum
329 417 373 473 est
397 417 426 472 et
446 434 463 472 a
481 414 621 473 Messalla
639 414 672 472 in
689 413 767 473 libro
786 414 822 471 de
841 431 854 472 s
873 414 975 472 littera
993 413 1136 488 positum.

190 512 283 582 Quint.
304 519 329 580 1,
344 517 369 580 7,
383 516 420 566 23
449 527 504 575 quio
521 544 548 552 -
565 527 669 576 pontum
714 514 749 578 cf.
776 514 859 567 Paul.
884 511 957 566 Fest.
980 528 1009 579 p.
1029 515 1135 578 26,13.

118 588 163 651 72,
178 589 203 638 e.
241 585 314 639 aesc.
329 602 359 653 p.
378 588 462 650 sora,
476 588 520 638 23.
553 588 636 650 esee,
650 588 694 638 21.

190 689 203 734 1
225 682 287 735 dice
301 684 329 735 et
342 681 414 735 facie
428 683 469 736 vel
483 681 564 736 dicae
578 684 607 736 et
620 681 710 735 faciae
725 681 797 749 (face
811 682 935 735 Ambros.
945 682 1039 736 Paris.
1051 683 1135 750 7723)

117 759 132 806 3
153 754 245 824 etex]
265 770 299 806 ex
317 754 441 808 Amnes.

617 887 639 945 2

185 1010 198 1050 s
217 1010 277 1050 non
295 992 373 1050 nulli
391 992 525 1050 litteram
542 1012 602 1051 non
621 993 778 1068 putarunt3
797 1011 868 1050 nam
883 991 1023 1049 Messalla
1043 1010 1136 1067 quen·

117 1080 186 1138 dam
209 1080 328 1139 sibilum
352 1081 436 1139 dixit.
463 1090 468 1099 '

189 1179 277 1233 Mart.
299 1181 365 1249 Gap.
381 1184 407 1246 3,
425 1183 480 1234 244
498 1205 569 1234 cnon
581 1193 640 1233 num
653 1211 680 1219 -
694 1193 757 1232 uixit.
782 1195 855 1247 quae
878 1181 973 1233 tamen
991 1179 1136 1248 utrimque

116 1268 135 1318 p
153 1249 266 1304 litterae
285 1251 441 1320 copulatur,
456 1253 488 1303 ut
502 1250 591 1319 spado
609 1251 757 1319 psittacus,
777 1253 806 1303 et
820 1267 835 1304 o
849 1267 868 1318 q
881 1251 894 1304 t
908 1252 1056 1317 sequentes
1076 1267 1136 1304 am-

116 1319 261 1390 plectitur,
285 1323 318 1374 ut
342 1321 460 1375 Scaurus
484 1338 602 1389 squama
625 1321 717 1375 stella.
754 1323 852 1392 frepus.
872 1323 941 1376 Bob.
963 1323 1056 1378 ooK
1077 1323 1138 1377 VII

118 1396 182 1459 538,
197 1397 234 1448 32
252 1411 265 1446 s
280 1391 432 1460 aliquando
452 1393 560 1460 sibilus,
579 1409 636 1446 non
654 1393 750 1446 littera
769 1393 919 1446 iudicatur.

455 1570 457 1574 -
618 1528 638 1584 3

185 1652 261 1708 quac
284 1633 343 1691 fuit
366 1652 456 1692 eausa
479 1635 509 1691 et
534 1632 636 1692 Servio
666 1626 761 1711 [Sulp.
781 1651 874 1706 supra
892 1627 976 1711 test.],
1004 1636 1040 1691 ut
1063 1633 1135 1709 dixi,

117 1721 334 1781 subtrahendae
353 1741 366 1780 s
385 1721 517 1795 litterae,
541 1722 678 1797 quotiens
701 1722 809 1779 ultima
827 1725 904 1781 esset
926 1722 1046 1797 aliaque
1066 1741 1134 1782 oon·

116 1814 240 1870 sonante
277 1812 488 1886 susciperetur,
526 1810 605 1886 quod
640 1810 792 1886 reprendit
824 1810 972 1869 Luranius
1012 1805 1064 1889 [fr.
1091 1806 1134 1890 1],

116 1899 258 1959 Messalla
282 1899 427 1974 defendit3
451 1919 520 1958 nam
544 1919 639 1975 neque
658 1899 808 1957 Lucilium
830 1902 940 1974 putant
962 1901 1009 1957 uti
1030 1900 1135 1958 eadem

90 1989 233 2063 sultima,
253 2008 317 2046 cum
333 1989 406 2047 dicit
426 1983 506 2067 [149
519 1983 599 2067 Ma]
621 1984 813 2048 ‘Aeserninus
827 1983 896 2046 firit'
913 1991 943 2046 et
958 1982 1038 2067 [150
1052 1983 1134 2068 Mu]

118 2072 237 2154 ‘dignus
261 2072 403 2152 locoque'
427 2080 457 2136 et
481 2077 583 2136 Cicero
606 2080 638 2135 in
662 2081 780 2136 oratore
809 2071 902 2156 [161]
932 2079 1032 2153 plures
1056 2079 1134 2136 anti·

117 2187 245 2242 quorum
268 2167 362 2225 tradit
384 2169 427 2226 sic
449 2167 572 2226 locutos.

189 2264 413 2334 9111111138
431 2279 547 2327 quaeras
564 2280 700 2319 -1ocucoc
726 2266 761 2331 cf.
781 2266 847 2330 Leo,
865 2266 909 2319 Pl.
929 2266 963 2318 F.
979 2283 1009 2334 p.
1029 2269 1086 2319 230
1095 2283 1133 2334 sq.

188 2377 202 2424 1
219 2370 292 2424 dixit
305 2373 470 2426 Lachmann
542 2377 558 2423 4
572 2372 656 2440 putat
670 2371 806 2442 Spaldinp
819 2372 884 2437 fort.
899 2379 967 2426 recte
1040 2372 1134 2425 oseri-

114 2459 180 2497 nus:
200 2461 248 2496 cm.
268 2443 455 2498 LFSchmc'dt
472 2445 530 2497 coll.
550 2443 740 2511 naupasia

636 2579 655 2633 4

184 2681 342 2756 duapondo
367 2684 396 2739 et
423 2682 570 2758 trepondo
587 2575 691 2757 †usque
715 2683 753 2739 ad
780 2685 913 2740 nostram
941 2683 1071 2740 aetatem
1096 2683 1134 2741 ab

116 2770 256 2829 omnibus
279 2771 393 2829 dictum
416 2774 470 2845 est,
494 2774 524 2830 et
546 2774 627 2829 recte
649 2771 710 2828 dici
732 2771 872 2829 Messalla
895 2770 1057 2830 confirmat.

188 2868 281 2939 Queat.
297 2874 322 2935 1,
337 2872 363 2936 5,
378 2873 413 2923 15
431 2885 497 2922 nam
516 2871 545 2923 et
564 2870 620 2921 dua
637 2870 665 2922 et
683 2868 838 2936 trepondo
858 2868 1031 2922 diversorum
1049 2888 1134 2937 gene-

114 2957 177 2992 rum
196 2942 262 2994 sunt
275 2939 456 3007 barbarismi3
476 2943 506 2994 at
523 2954 644 3002 duapondo
658 2971 685 2979 -
698 2954 821 2993 confirmas.

524 3125 724 3179 EPISTULAE

618 3259 637 3317 5

183 3366 304 3426 eosdem
333 3360 563 3445 [mammaeae]
596 3365 779 3424 litteratores
812 3367 958 3425 vocitatos
990 3366 1134 3427 Messalla

103 3453 253 3518 Coruinus
270 3457 303 3518 in
324 3458 458 3538 quadum
478 3455 610 3536 epistula
628 3453 769 3529 ostentu,
786 3473 850 3512 non
869 3473 932 3513 esse
955 3455 1012 3513 sibi
1031 3456 1133 3517 dicens

80 3563 149 3605 rem
185 3568 257 3612 oum
285 3552 387 3616 Furio
424 3552 597 3629 Bibaculo,
630 3569 673 3609 ne
706 3565 779 3607 oum
802 3543 915 3602 'liuida
944 3541 1066 3612 ΨΜ
1091 3550 1148 3599 W
