2422 3840
358 149 360 152 ⁵
456 187 483 241 c.
503 187 601 242 Ateius
621 187 720 257 Capito

435 382 618 437 INCERTAE
638 383 738 437 sams

405 520 424 574 4
448 511 515 595 [De
530 518 595 576 iare
611 520 692 590 poet.
715 509 770 594 17]

148 624 252 682 Ateius
268 623 374 699 Capito
394 643 505 682 annum
524 643 542 682 a
560 623 687 682 circuitu
702 625 845 698 temporis
865 625 954 699 putat
973 623 1095 699 dictum,

81 715 153 788 quia
175 715 288 773 veteres
316 732 354 771 an
377 732 431 788 pro
455 715 566 771 circum
593 732 702 788 ponere
731 712 879 786 solebant,
908 715 943 770 ut
968 711 1041 772 (lato
1064 715 1096 772 in

81 801 245 879 originibus
267 796 319 880 [fr.
340 804 403 861 124
417 795 465 880 R]
491 796 654 860 ‘oratorum
674 821 712 860 an
730 797 902 860 terminum'
926 801 958 859 i<l
977 805 1022 862 est
1041 805 1095 860 cir-

81 910 148 949 cum
170 893 340 964 terminum,
363 894 394 949 et
416 890 528 949 ambire
552 890 662 949 dicitur
683 910 737 965 pro
761 892 925 949 circumire.

154 991 411 1055 Macrob.1,14,5
434 1002 688 1043 Ateius-circumire.
724 991 758 1056 cf.
779 990 866 1046 Varro
885 989 917 1043 dc
936 991 952 1043 l.
975 990 1008 1043 L.
1029 995 1054 1056 6,
1069 995 1094 1044 8.

80 1061 371 1186 gerla).211ea.1,269.
399 1066 424 1126 5,
443 1064 486 1113 16.
505 1064 549 1114 85.
586 1060 655 1114 Isioi.
680 1076 717 1114 or.
739 1065 764 1127 5,
784 1065 866 1126 36,1.
905 1062 938 1115 de
962 1067 1018 1116 cat.
1043 1078 1094 1116 rer.

99 1174 107 1198 ,
142 1175 146 1185 .
187 1174 193 1185 .

154 1245 167 1291 1
189 1239 224 1292 ab
243 1239 303 1291 eius
322 1240 413 1294 Paris.
434 1238 537 1292 atteias
556 1239 654 1292 Bamb.
677 1239 724 1307 (ab
744 1239 802 1292 eius
821 1257 856 1293 m.
871 1244 899 1309 2)

463 1390 481 1446 5
506 1383 556 1467 [cf.
574 1408 608 1463 p.
627 1383 713 1468 274]

148 1496 226 1554 Pan.
249 1514 278 1554 c.
296 1497 323 1553 h.
343 1498 452 1563 1192
484 1487 533 1576 (dc
559 1488 710 1577 murico)
738 1523 780 1544 =
804 1495 868 1555 Aci.
895 1496 967 1555 Stilo
994 1498 1032 1569 fr.
1054 1500 1097 1556 18

462 1658 481 1714 6
505 1650 641 1734 [Oonieot.
662 1651 717 1735 10]

148 1766 262 1822 certum
280 1763 315 1821 fit
333 1763 402 1820 Atei
418 1762 572 1836 Capitonis
591 1765 739 1822 sententia
758 1759 885 1841 <co>cos
903 1766 971 1822 tum
991 1758 1096 1842 [usquc

80 1853 121 1911 od
147 1853 298 1910 Persicam
325 1846 443 1930 bellom]
475 1871 583 1927 panem
614 1852 795 1911 lautioribus
830 1871 956 1928 coquere
989 1854 1094 1913 solitos

80 1941 266 2016 pistoresque
288 1943 407 1999 tantum
431 1959 480 1999 eos
503 1943 556 2016 qui
579 1941 626 1998 far
648 1942 787 2016 pisehant
809 1943 985 2002 nominatos:

153 2039 433 2105 Plic.c.b.18,107
452 2042 577 2107 artoptas
595 2039 653 2092 iam
669 2039 786 2093 Plautus
805 2039 932 2109 appellat
949 2040 980 2092 in
998 2040 1097 2094 fabula

81 2127 167 2178 quam
189 2109 365 2163 Aululariam
391 2110 503 2179 scripsit
529 2111 618 2182 [400]‚
644 2126 749 2180 magna
772 2110 807 2166 ob
832 2112 863 2164 id
887 2111 1096 2167 concertatione

81 2181 263 2248 eruditorum,
280 2199 316 2234 an
330 2181 354 2234 is
368 2199 464 2235 versus
478 2185 578 2250 poetae
593 2183 630 2235 sit
644 2181 730 2250 illius,
744 2200 883 2250 certumque
893 2197 919 2236 fit
929 2214 953 2222 -
963 2197 1095 2238 nominatos.

81 2255 116 2320 cf.
137 2253 223 2306 Varro
246 2254 281 2319 fr.
296 2256 359 2307 204.
398 2255 480 2306 Paul.
504 2254 576 2307 Fert.
598 2271 628 2321 p.
649 2257 749 2319 58,14.
788 2255 915 2321 Mc'c‘aaer,
944 2253 1095 2323 Qccllcnkr.

81 2325 107 2378 d.
128 2325 182 2394 Ny.
202 2324 227 2377 d.
247 2325 322 2379 Plio.
342 2342 372 2393 p.
393 2328 454 2378 302.
494 2325 566 2392 quod
584 2342 617 2378 cc
634 2326 683 2378 boc
702 2332 727 2379 et
744 2343 778 2379 ec
795 2327 933 2394 superiore
952 2327 1007 2379 loco
1026 2342 1096 2380 com-

81 2397 247 2449 mentarium
262 2397 315 2450 clii
333 2396 370 2449 ad
385 2397 454 2449 XII
467 2397 583 2460 tabulae,
602 2396 640 2450 ad
654 2397 787 2450 Plautum
801 2398 854 2450 olii
867 2399 1095 2467 cxcoyitaccruut,

81 2468 210 2520 memma
228 2469 277 2520 cic
294 2467 409 2536 diacum
427 2474 472 2521 est.

408 2602 428 2656 7
451 2592 511 2676 [Dc
533 2601 598 2655 tare
615 2600 715 2670 sacrif.
735 2593 770 2677 4]

148 2724 268 2781 porcam
296 2724 417 2763 auream
441 2708 471 2762 et
495 2707 666 2780 argenteam
694 2704 754 2764 dici
781 2705 825 2764 ait
849 2705 954 2780 Capito
979 2707 1094 2782 Ateius,

82 2813 157 2869 quae
187 2797 218 2852 et
247 2796 273 2851 si
303 2812 424 2852 numero
459 2793 624 2852 hostiarum
659 2812 718 2851 non
748 2796 821 2868 sint,
855 2814 963 2855 nomen
992 2799 1094 2855 tamen

82 2901 185 2940 earum
201 2882 323 2956 habere3
346 2883 470 2940 alteram
489 2901 525 2939 ex
543 2901 624 2956 auro,
643 2883 769 2941 alteram
788 2903 822 2942 ex
841 2887 964 2962 argento
983 2885 1094 2944 factam

82 2971 216 3029 adhiberi
239 2970 383 3030 sacrificio
407 2969 525 3029 Ceriali.

152 3070 226 3124 Fest.
241 3088 272 3138 p.
291 3072 346 3123 238
352 3073 372 3136 ὁ,
387 3074 421 3122 11
440 3093 530 3130 porcam
543 3101 570 3109 —
584 3081 672 3124 Ceriali.

154 3179 168 3226 3
189 3175 307 3229 alterum
327 3178 375 3242 bis,
394 3176 440 3229 sed
460 3175 566 3228 factam
583 3177 640 3230 cod.

538 3293 559 3349 8
600 3294 619 3350 6

148 3398 374 3472 propudialis
397 3417 526 3474 porcus
550 3285 671 3458 di[ct]us
695 3401 748 3457 est
774 3430 812 3439 -
839 3400 900 3475 qui
922 3401 959 3457 in
983 3399 1093 3458 sacri·

80 3485 167 3544 ficio
183 3488 302 3562 gentis
319 3486 489 3547 Claudiae
505 3488 608 3548 velut
625 3490 862 3564 piamentum
875 3482 1127 3542 reteneamus

79 3578 192 3633 omnis
214 3579 424 3639 contractae
449 3579 655 3661 religionis
681 3581 750 3639 est.
