2422 3840
119 148 184 216 536
282 135 486 194 Grammalioae
505 131 608 186 aetatis
626 132 788 202 Augusteae
805 130 965 201 fragmenta

93 315 238 376 anomine
270 303 405 381 Caspiros
439 301 589 376 appellare
625 302 768 376 coepisse,
806 301 857 376 qui
888 304 957 376 post
991 305 1131 377 corrupte

120 397 272 478 Casperini
296 394 368 452 dieti
391 393 467 449 sunt.

188 498 259 552 Serv.
286 492 360 546 Dan.
388 488 457 542 Aen.
477 491 504 554 8,
525 492 580 541 638
605 501 683 542 Sabini
700 520 728 528 -
745 503 800 542 dieti
818 505 875 543 sunl.
902 489 936 554 cs.
957 489 1039 543 Poro.
1064 490 1132 544 Gaio

116 574 151 640 fr.
172 574 197 624 s.

188 669 322 725 ldiount
340 666 483 735 Rerum.)
566 665 635 718 2in
654 666 765 720 orbium
787 666 928 720 italasoim
946 666 978 720 F
1057 667 1132 722 Sabo

116 743 220 804 Dauid
238 738 346 792 Sebone
360 737 391 790 F
478 735 593 805 60asp.
614 738 761 792 Buecheler
789 738 916 807 casperin
930 739 961 791 F
986 738 1132 809 Casperuli

66 836 72 851 ·
116 812 219 873 Douiel
289 807 358 861 dieti
377 809 483 862 Daniel
501 808 568 860 violi
587 809 618 862 F

469 985 653 1039 INOERTAE
672 985 772 1040 SEDIS

440 1121 483 1177 20
508 1113 599 1197 [deest
621 1138 668 1192 op.
693 1114 804 1198 Beate]

179 1219 299 1314 o<rba>
314 1256 355 1265 -
375 1224 514 1301 Hyginus
523 1272 1009 1284 .............
1040 1228 1133 1287 inter·

113 1315 214 1377 serunt
241 1359 607 1372 ..........
639 1321 647 1372 ’.
682 1362 687 1372 .
722 1361 727 1372 .
762 1361 767 1372 .
795 1315 938 1376 adnooros
965 1361 970 1372 .
1001 1362 1006 1372 .
1042 1362 1047 1374 .
1079 1363 1084 1373 .
1120 1363 1125 1373 .

120 1448 406 1463 ........
446 1422 500 1462 sse.

183 1501 256 1555 reu.
267 1518 298 1570 p.
314 1505 397 1568 rara,
412 1505 429 1555 7
447 1501 643 1575 0<1a.....>
659 1500 821 1556 Cornificius
839 1503 886 1573 [fr.
901 1503 956 1574 13].
985 1469 1093 1568 nyma
1106 1537 1134 1544 -

112 1616 118 1628 .
140 1615 145 1626 .
165 1597 204 1625 sse.
233 1574 268 1638 es.
289 1571 452 1640 Cornificius
471 1574 508 1626 od
527 1574 544 1626 l.
564 1591 585 1628 e.

184 1683 197 1730 1
217 1679 333 1745 ryginus
352 1682 409 1736 eod.

495 1818 538 1876 21
564 1810 620 1895 [15
644 1810 741 1894 Peter]

179 1925 213 1980 ut
232 1922 368 2000 Hyginus
389 1925 419 1981 ei
432 1923 548 1981 Tubero
568 1923 678 1997 dicuni,
697 1923 969 1982 machinamentum
988 1922 1132 1982 bellicum

111 2013 171 2070 luit
196 2005 299 2090 [equus
319 2007 494 2091 Troianus]‚
523 2013 601 2087 quod
626 2031 718 2086 equus
742 2013 920 2088 appellatur,
943 2013 1021 2069 siout
1046 2015 1132 2087 aries,

112 2103 189 2159 siout
217 2100 344 2174 testudo,
375 2102 481 2176 quibus
508 2101 587 2158 muri
610 2103 657 2160 vel
685 2101 794 2160 discuti
817 2101 866 2160 vel
894 2100 996 2158 subrui
1024 2103 1130 2160 soloni.

183 2199 254 2254 Sero.
280 2200 378 2268 (Dare.)
399 2202 466 2254 Aea.
486 2205 563 2266 2,15
590 2200 624 2253 de
650 2199 702 2253 hoo
728 2216 799 2268 equo
826 2199 973 2270 [lloioao]
996 2200 1076 2252 varia
1101 2199 1132 2252 in

111 2270 236 2323 historiis
254 2269 329 2324 lecta
348 2273 419 2324 suni
464 2289 490 2325 ue
507 2285 612 2335 Hyginus
629 2304 656 2310 —
674 2287 750 2326 solens
774 2273 809 2338 ef.
829 2273 903 2325 Plia.
924 2288 951 2323 a.
974 2271 1000 2323 le.
1021 2275 1047 2336 7,
1066 2275 1131 2326 202.

111 2343 221 2395 iniuria
240 2342 333 2395 Baute
352 2344 392 2410 (p.
406 2345 455 2409 28)
474 2343 539 2397 leaeo
557 2344 636 2398 libris
654 2343 698 2397 De
713 2343 837 2412 'Verpe'lio
856 2343 965 2414 lrrluil,
989 2359 1051 2395 eam
1070 2343 1131 2397 Ser·

111 2415 172 2466 uias
190 2419 215 2466 et
233 2430 266 2467 ex
284 2414 406 2468 historiis
423 2431 450 2468 se
468 2415 590 2469 hausisse
609 2414 705 2468 diserte
725 2414 806 2480 dicut,
821 2420 846 2468 et
863 2430 954 2468 rerum
973 2415 1133 2482 scriptorem

112 2485 192 2537 iuxta
212 2486 358 2554 Hypium
376 2490 559 2540 commemoret
577 2487 621 2554 (es.
642 2486 760 2540 Relrbeek
774 2502 804 2554 p.
823 2487 892 2553 121).

548 2661 692 2716 DUBIUM

437 2799 482 2855 22
506 2789 597 2874 [deest
620 2814 667 2869 op.
690 2789 802 2874 Besale]

180 2902 324 2975 seriptum
342 2903 374 2960 in
390 2903 519 2978 quodam
538 2903 750 2961 commentario
768 2902 885 2978 repperi
899 2921 1001 2961 versus
1020 2905 1096 2961 istos
1112 2923 1132 2961 a

112 2989 247 3066 Vergilio
266 2991 310 3048 iia
327 2992 455 3066 primum
473 3011 535 3050 esse
553 2993 693 3050 recitatos
713 2994 804 3066 alque
823 2992 918 3050 editos
935 2985 973 3069 [9.
989 2994 1019 3059 2,
1032 2986 1130 3070 224];

113 3072 216 3137 ‘talem
245 3079 326 3139 dives
356 3084 422 3138 aral
446 3079 549 3155 Capua
573 3084 603 3138 el
629 3080 728 3140 vicina
749 3081 865 3138 Vesevo
889 3075 905 3158 s
929 3081 1008 3139 Nola
1035 3076 1130 3159 iug0’3

113 3172 216 3244 postea
235 3169 402 3246 Vergilium
425 3171 534 3245 petisse
558 3169 727 3242 aNolanis,
752 3188 860 3243 aquam
884 3171 930 3228 uli
953 3169 1075 3228 duceret
1097 3173 1130 3227 in

85 3259 288 3332 spropmoum
315 3277 378 3332 rus,
408 3258 541 3317 Nolanos
568 3257 745 3316 beneficium
771 3260 899 3333 petitum
927 3278 987 3316 non
1014 3260 1130 3332 fecisse,

111 3349 230 3421 poetam
256 3347 399 3405 offensum
427 3365 533 3405 nomen
557 3347 639 3404 urbis
668 3366 777 3420 eorum,
806 3348 893 3422 quasi
915 3367 950 3405 ex
973 3348 1130 3406 hominum

98 3439 256 3514 memoria,
281 3437 325 3499 sio
349 3456 387 3499 ex
411 3437 544 3498 carmine
568 3454 621 3498 suo
644 3435 788 3496 derasisse
811 3455 952 3511 oramque
975 3455 1030 3510 pro
1048 3437 1130 3495 Nola

80 3531 224 3592 morasse
244 3534 344 3612 alque
365 3535 411 3596 ita
431 3533 613 3614 reliquisse:
631 3523 678 3591 *el
694 3525 925 3589 noluissem
947 3518 956 3602 l
978 3520 1120 3599 oraiugo’
1131 3567 1138 3580 .
