2422 3840
427 209 454 263 C.
474 209 561 262 Iulius
580 209 709 279 Hyginus
1012 208 1075 272 531

62 382 122 453 qui
142 379 182 437 ab
201 378 361 453 Harpalo
380 378 479 454 inquit
497 379 593 455 regis
614 376 697 453 Gyri
715 378 902 453 praefecto
921 395 960 434 ex
979 380 1077 435 terra

62 467 239 526 Phocaide
254 468 374 544 fugati
388 469 483 541 sunt,
499 466 721 539 aliiVeliam,
736 465 1078 541 partimMassilianr
1093 485 1118 526 15

62 557 309 614 condiderunt.
350 556 588 616 inscitissime
612 555 728 632 igitur
750 556 858 629 petit,
881 557 921 612 ut
939 554 1078 613 Aeneas

61 650 203 721 portum
226 645 388 703 Velinum
414 647 591 720 requirat,
622 663 698 702 cum
721 644 756 701 id
779 662 905 701 nomen
929 663 967 702 eo
991 648 1078 701 tem-

62 754 147 809 pore
166 735 278 792 iuerit
296 753 472 808 nusquam
490 736 660 810 gentium.
703 752 815 808 neque
835 734 954 791 simile
977 732 1078 808 inquit

62 824 155 880 illud
178 823 293 881 videri
317 823 433 894 debet,
457 823 549 897 quod
573 825 627 881 est
649 823 685 879 in
708 824 823 897 primo
847 823 1002 879 carmine
1028 815 1076 900 [2]

64 908 227 970 ‘Italiam
250 913 326 970 fato
354 913 529 988 profugus
553 911 762 986 Lavinaque
785 913 886 969 venit
904 907 920 987 s
939 907 1077 984 litora',
1093 931 1118 970 so

63 1005 97 1059 et
121 1021 229 1076 aeque
253 1004 289 1058 in
313 1004 412 1059 sexto
436 1001 529 1058 libro
560 994 635 1079 [17]
668 994 963 1074 ‘Chalcidicaque
986 1000 1077 1057 levis

61 1090 204 1148 tandem
229 1109 336 1165 super
365 1091 489 1148 astitit
520 1085 624 1163 arce',
653 1089 821 1164 quoniam
848 1091 976 1164 poetae
1006 1089 1077 1163 ipsi

64 1181 236 1254 quaedam
266 1177 352 1236 κατὰ
381 1177 563 1256 πρόληψιν
593 1178 770 1237 historiae
800 1178 917 1235 dicere
949 1197 988 1235 ex
1015 1196 1078 1236 sua

62 1287 215 1343 persona
234 1267 382 1326 concedi
401 1269 505 1342 solet,
526 1287 615 1342 quae
634 1269 733 1325 facta
751 1269 827 1340 ipse
847 1270 972 1342 postea
987 1267 1077 1325 scire

62 1360 198 1433 potuit,
228 1359 323 1415 sicut
350 1356 532 1433 Vergilius
561 1356 670 1415 scivit
697 1357 737 1414 de
765 1355 916 1413 Lavinio
946 1355 1117 1430 oppidoue

62 1448 97 1503 et
128 1446 167 1502 de
198 1446 341 1503 colonia
373 1443 648 1504 Chalcidicensi.
704 1444 764 1503 sed
795 1443 986 1502 Palinuros
1016 1445 1078 1518 qui

61 1535 184 1610 potuit
211 1535 310 1607 inquit
341 1534 432 1592 scire
460 1553 512 1607 ea,
544 1553 632 1609 quae
655 1536 738 1610 post
761 1552 871 1593 annos
896 1536 1077 1592 sescentos

61 1625 161 1681 facta
185 1625 279 1696 sunt,
308 1624 379 1680 nisi
402 1625 482 1697 quis
511 1642 587 1680 eum
616 1622 800 1680 divinasse
825 1624 911 1696 aput
938 1623 1077 1680 inferos

62 1714 183 1786 putat,
219 1711 369 1787 proinde
402 1713 441 1769 ut
476 1713 614 1769 animae
650 1710 899 1769 defunctorum
937 1708 1078 1769 solent?

62 1801 122 1859 sed
146 1803 180 1858 et
203 1801 233 1858 si
256 1802 308 1857 ita
332 1800 503 1875 accipias,
529 1819 740 1875 quamquam
763 1819 832 1857 non
855 1800 908 1858 ite
932 1799 1118 1867 dieitur,eo

62 1890 200 1948 Aeneas
215 1893 346 1962 tamen,
365 1890 426 1964 qui
444 1908 513 1946 non
528 1888 730 1962 divinabat,
751 1907 818 1963 quo
832 1892 936 1964 pacto
953 1890 1077 1964 potuit

62 1981 248 2052 requirere
271 1982 413 2054 portum
436 1977 611 2050 Velinum,
635 1978 692 2034 cui
715 1996 839 2035 nomen
862 1980 960 2050 tuno,
984 1977 1077 2034 sicut

62 2068 228 2142 diximus,
252 2067 389 2124 nullum
412 2085 560 2142 usquam
583 2064 677 2124 fuit?

137 2167 203 2220 Geli.
220 2171 351 2231 10,16,1
370 2180 511 2228 reprehendit
523 2198 550 2204 —
562 2190 657 2228 usquam
670 2179 727 2218 fult?
755 2166 788 2231 cf.
804 2164 877 2219 Serv.
893 2165 961 2218 Aen.
978 2169 1003 2229 6,
1014 2168 1075 2218 359.

61 2239 154 2292 Diem.
169 2256 198 2306 p.
218 2240 280 2303 443,
298 2241 344 2291 29.

135 2350 167 2397 18
182 2344 268 2396 fuerit
282 2344 379 2412 Recta
395 2348 468 2397 1646
485 2342 541 2395 fuit
553 2344 610 2397 rell.
684 2347 717 2394 20
733 2341 894 2409 lavinioque
909 2343 1005 2412 Recta
1022 2346 1076 2395 597

62 2421 87 2469 et
106 2419 179 2469 1646
264 2420 297 2468 23
317 2414 435 2468 historia
451 2416 572 2482 plerique
590 2413 666 2468 codd.
749 2418 783 2465 24
803 2413 873 2466 scire
892 2414 989 2483 Reqia.
1005 2417 1076 2466 1646

62 2486 128 2540 sciri
146 2487 203 2540 rell.
273 2492 327 2538 ,26
347 2484 611 2554 c(h)ale(h)idinensi
630 2483 712 2552 (eloh.
733 2484 806 2538 Voss.
826 2483 890 2537 Lat.
910 2484 979 2552 Fr)
999 2484 1075 2539 codd.

62 2563 95 2608 27
115 2556 144 2609 id
164 2556 257 2624 inquit
276 2558 412 2626 Mayliab.
433 2558 530 2626 Regia.
552 2561 606 2610 597
624 2563 649 2609 et
668 2559 739 2609 1646

521 2681 612 2766 814]

128 2799 201 2853 item
218 2795 275 2853 hoc
293 2813 410 2869 quoque
429 2795 459 2850 in
478 2794 581 2852 eodem
600 2794 675 2852 libro
696 2794 885 2869 reprehendit
909 2787 1074 2872 [Hymnus]

62 2888 92 2943 et
107 2888 308 2943 correcturum
326 2885 416 2942 fuisse
431 2883 599 2959 Vergilium
617 2886 714 2959 putat,
732 2883 789 2941 nisi
805 2883 880 2941 mori
894 2886 1073 2957 occupasset.

61 2994 140 3032 narn
164 2993 239 3033 cum
263 2973 398 3032 Thesea
425 2972 524 3046 inquit
550 2971 727 3030 intereos
751 2973 986 3045 nominasset,
1014 2972 1075 3045 qui

62 3064 104 3122 ad
140 3064 278 3121 inferos
316 3062 493 3120 adissent
526 3078 564 3118 ac
596 3060 790 3136 redissent,
828 3060 1074 3134 dixissetque

62 3146 150 3231 [Aere.
168 3145 285 3229 6122]
302 3145 398 3226 ‘quid
413 3151 560 3219 Thesea,
578 3169 742 3226 magnum
758 3143 772 3224 l
789 3149 875 3224 quid
888 3167 1074 3207 memorem
1102 3167 1114 3206 5

60 3240 235 3299 Alciden?
271 3244 305 3298 et
328 3242 374 3297 mi
397 3258 508 3315 genus
528 3238 569 3296 ab
588 3238 672 3298 Iove
691 3257 823 3297 summo
845 3234 923 3311 est',
946 3240 1074 3312 postea

61 3334 179 3388 temen
197 3330 310 3387 infert
330 3326 371 3404 [6,
390 3322 480 3406 617]:
501 3323 616 3386 ‘sedet
633 3329 888 3401 aeternumque
908 3326 1047 3389 sedebit
1064 3319 1077 3403 l

60 3419 191 3477 infelix
211 3413 390 3476 Theseus'.
433 3417 495 3492 qui
513 3419 631 3474 autem
653 3418 754 3491 inquit
774 3413 1098 3487 lismensem&

62 3510 245 3568 aeternum
270 3510 355 3582 aput
377 3508 516 3568 inferos
540 3506 687 3575 sedeat,
711 3524 822 3580 quem
839 3497 1153 3616 sussum&-

52 3598 224 3669 nomr'nat,
257 3599 317 3671 qui
347 3597 616 3660 descenderint
645 3598 749 3657 illuc
777 3595 904 3664 atque
928 3575 1033 3726 ζΐῆ
