2422 3840
264 198 292 253 Ο.
312 198 460 252 Maecenas
479 197 617 252 Melissus.
650 195 794 251 Cornelius
813 197 917 251 Balbus
1037 197 1101 261 541

460 357 731 423 FRAGMENTA

467 483 726 539 ΕΞΗΓΗΤΙΚΩΝ

158 571 284 641 ἐξήγησις
297 578 387 640 potest
400 571 521 640 intellegi
534 577 589 624 tom
603 571 747 638 perstitioio
761 572 803 638 (ut
816 571 893 638 apud
908 570 980 636 fanu
996 570 1103 624 Gracco

85 645 217 715 ἐξηγηταὶ
245 648 323 698 crura
350 644 514 712 relipiouuru
536 642 704 710 interpretes)
733 659 814 710 quoru
841 642 1029 710 praetractatu.
1074 643 1103 696 bi

86 717 254 785 ἐξηγητικῶν
273 715 346 780 libri,
364 715 390 767 si
403 731 459 768 riou
472 730 552 768 verus
563 715 745 782 propriusque
765 714 879 784 Vergilii
894 714 1103 768 commentarius

84 790 207 854 fuerunt,
223 787 396 855 Vergilianas
411 786 579 854 quaestiones
594 787 713 852 amplexi
727 785 1102 854 esserieleutur(ef.fr.1.2).

85 859 159 928 quod
177 860 203 912 si
220 859 262 911 ita
280 863 325 921 est,
347 857 496 922 Ooruelius,
515 857 563 925 qui
581 858 612 909 iu
626 858 661 923 fr.
677 859 694 909 3
714 857 820 926 legitur,
839 856 910 909 idern
924 857 1032 909 Balbus
1050 871 1103 910 esse

84 936 173 999 potest
191 930 235 996 (cf.
256 927 387 992 Ribbeck,
402 929 503 997 prolep.
524 928 562 980 od
582 929 657 996 Verp.
673 945 703 996 p.
722 929 777 992 28).
821 929 906 982 multo
924 928 1053 981 incertior
1071 927 1104 980 de

86 1004 150 1069 fri
164 1017 206 1054 res
220 1006 272 1065 est;
290 999 316 1052 si
329 1005 420 1052 torreo
429 1016 483 1067 pro
499 1000 618 1053 Cornuto
633 998 802 1053 Scholiorurn
816 1000 901 1052 Beru.
917 1005 942 1052 et
957 998 1104 1065 cornificio

87 1073 262 1142 Pbilorpprii
277 1076 346 1124 recto
364 1070 506 1124 Ooruclius
523 1071 665 1124 restitutus
679 1077 724 1136 est,
744 1075 933 1138 argumentum
951 1071 1048 1123 melius
1065 1070 1104 1124 od

88 1145 244 1199 Cornelium
258 1141 380 1195 Balbum
398 1157 481 1209 quart
499 1143 537 1194 ad
552 1141 708 1196 Ooueltuu
724 1141 837 1195 Gallum
850 1141 900 1209 (sie
912 1143 972 1194 uult
986 1141 1104 1195 Rtooect

84 1216 152 1268 ibid.
169 1232 198 1282 p.
214 1215 260 1281 97)
279 1213 406 1280 quadret.
426 1213 541 1281 denique
559 1214 591 1265 de
605 1214 641 1279 fr.
652 1217 677 1277 5,
696 1212 769 1279 quod
786 1212 901 1277 fortusse
919 1229 937 1265 o
951 1213 1104 1279 Pomponio

86 1287 173 1341 Laeto
201 1301 234 1338 ea
256 1285 343 1338 Probi
364 1285 472 1338 scholiis
496 1284 715 1352 locupletioribus
737 1284 866 1337 baustum
892 1290 937 1348 est,
964 1284 997 1350 cf.
1018 1284 1103 1348 Jalu,

88 1356 250 1480 prolepkud
275 1356 350 1409 Pers.
373 1355 518 1409 CXLVII
538 1355 656 1422 odu.1;
679 1355 712 1408 cle
734 1353 805 1409 Sero.
831 1354 907 1407 Daris.
927 1373 952 1425 p.
973 1356 1102 1421 1,12ef.

85 1429 187 1482 Rrbbec
218 1444 248 1495 p.
267 1430 312 1481 27.

155 1605 202 1661 lib.
223 1604 351 1661 XVIII.
399 1599 486 1661 ‘haec
509 1603 561 1660 ubi
584 1603 676 1677 dicta,
707 1602 797 1678 dapes
820 1602 903 1661 iubet
926 1605 956 1660 et
984 1602 1104 1661 sublata

86 1695 192 1768 reponi
224 1687 238 1770 l
271 1693 378 1768 pocula
415 1693 626 1768 gramineoque
667 1693 747 1750 viros
788 1693 867 1749 locat
903 1693 967 1766 ipse
1005 1685 1102 1750 sedili'

90 1777 177 1862 [Asu.
199 1775 336 1860 s,175].
383 1801 442 1840 non
464 1784 552 1839 vacat
570 1780 650 1856 quod
668 1780 743 1838 dixit
766 1779 864 1857 sedili3
888 1800 959 1838 nam
981 1780 1104 1856 propria

91 1871 258 1930 observatio
291 1873 336 1929 est
368 1872 400 1927 in
431 1870 568 1928 Herculis
605 1869 696 1928 sacris
733 1870 850 1944 epulari
886 1869 1036 1944 sedentes,
1074 1872 1104 1928 et

88 1959 242 2020 Cornelius
260 1959 373 2017 Balbus
396 1956 575 2038 ἕξηγητικῶν
597 1958 673 2017 libro
699 1959 936 2017 octavodecimo
960 1961 1004 2017 ait
1023 1958 1129 2033 apud5

88 2069 171 2107 aram
194 2050 355 2106 maximam
378 2048 576 2124 observatum,
600 2067 637 2105 ne
660 2047 876 2105 lectisternium
898 2047 959 2105 fiat.

161 2139 285 2193 Mucrob.
306 2141 332 2204 3,
351 2141 428 2204 6,16
446 2151 654 2191 haecum-fiat.
682 2138 716 2203 ef.
737 2136 808 2191 Serv.
829 2137 897 2190 Aeo.
917 2141 943 2202 8,
958 2141 1021 2190 176.

160 2242 175 2288 5
195 2235 378 2303 exhegeticon
469 2234 521 2306 ait]
540 2235 582 2288 ita
600 2236 699 2288 Barab.
718 2233 748 2286 id
767 2235 860 2288 Poris.

156 2465 309 2523 Cornelius
346 2465 458 2524 Balbus
496 2466 700 2540 Hymenaeum
738 2467 782 2523 ait
817 2465 966 2542 Magnetis
1007 2465 1102 2523 filium

88 2555 218 2612 musicae
237 2557 311 2612 artis
330 2555 460 2629 peritum
478 2553 699 2629 pulchritudine
722 2554 869 2628 muliebri,
892 2553 963 2611 dum
981 2555 1102 2629 nuptias

88 2642 188 2701 Liberi
211 2643 305 2718 patris
330 2645 359 2701 et
381 2643 528 2701 Althaeae
555 2643 703 2719 religiosis
727 2642 864 2702 cantibus
888 2644 1025 2718 celebrat,
1054 2663 1101 2701 ex-

88 2735 228 2807 spirasse3
252 2733 375 2807 propter
394 2731 473 2806 quod
492 2732 518 2790 ei
537 2733 608 2790 talis
630 2732 725 2791 honor
746 2732 777 2790 in
799 2733 913 2807 nuptiis
933 2732 1101 2792 adtributus

88 2825 145 2894 est,
177 2824 211 2877 ut
241 2820 399 2879 celebratio
430 2823 558 2879 nominis
587 2820 649 2878 eius
679 2823 853 2897 nuptiarum
884 2822 1128 2898 iungendarums

88 2913 264 2985 perpetuum
287 2928 372 2967 omen
396 2912 480 2968 esset.

160 2991 232 3045 Sero.
253 2992 329 3044 Dore.
349 2991 418 3043 Aere.
438 2995 533 3056 4,127
556 2990 614 3043 ‘hic
636 2990 814 3058 Hymenaeus
840 2990 903 3044 erit'
929 2991 959 3043 id
983 2993 1026 3044 est
1048 2992 1101 3044 hae

89 3064 171 3115 erunb
189 3062 314 3130 nuptiae.
336 3093 366 3100 —-
388 3074 502 3116 Cornelius
519 3094 546 3101 -
560 3079 620 3116 esset.

161 3166 175 3212 6
196 3175 277 3212 omen
299 3160 464 3213 Mosoieius:
485 3174 587 3213 nomen

538 3301 650 3354 DUBIA

588 3410 608 3466 3

151 3500 280 3581 Ne<rine
288 3506 519 3582 patronymioon
529 3505 683 3569 Graecum
692 3509 750 3567 est.
773 3490 1073 3563 strumensem}
1083 3488 1150 3551 enk-

81 3593 181 3649 tbeton
202 3593 276 3652 dicit
288 3594 412 3674 Nerine,
432 3601 471 3659 ut
490 3598 671 3660 declararet
685 3589 888 3676 <Sinnium
903 3597 977 3642 esse
990 3570 1187 3629 effidem·
