2422 3840
334 177 363 230 L.
383 175 480 230 Aelius
500 174 579 229 Stilo.
622 173 653 239 Q.
668 173 798 228 Valerius

379 345 423 450 Q.
447 343 754 432 VALERIUS

51 568 164 623 uun
402 496 441 562 Α.
463 495 733 562 uusnnonn

126 664 151 713 1.
173 657 309 727 Quintam
328 672 496 724 praenomen
516 655 607 710 Cicero
632 655 720 709 Varro
743 656 830 722 (opaci
856 654 984 722 Gelliam)
1009 655 1078 708 Pla

55 731 166 784 toronae
188 735 337 793 teetoatar3
361 733 488 782 consueta
511 743 572 780 cero
596 733 739 780 anctoram
763 727 911 794 appellatio
935 725 1079 780 ‘Valeriae

57 800 190 856 Sanane'
212 806 258 854 eat.
293 801 335 853 ita
353 799 432 853 semel
455 798 543 852 Varro
562 798 595 851 cle
614 800 631 852 l.
651 798 716 851 Lat.
732 800 825 866 primo
844 799 901 851 loco
919 797 965 863 (fr.
981 799 1018 866 1),
1038 798 1079 851 tis

54 879 149 942 postea
171 871 293 940 simplici
314 871 424 924 nomine
443 869 609 936 ‘Valeriae',
632 875 664 922 at
681 870 748 923 solet
771 869 816 935 (of.
835 869 941 934 Aeliae,
961 870 1079 923 Porciae

58 945 124 1013 eta),
142 943 237 998 eadem
255 943 312 1008 fere
327 943 458 995 varietate
477 957 533 1009 aaa
546 942 578 994 in
591 941 707 995 Anrelio
729 939 818 1008 Opilio
837 956 904 993 aeas
923 946 961 994 eet
980 941 1025 1009 (cf.
1041 941 1079 993 acl

58 1016 94 1068 len
200 1055 206 1066 .
223 1019 257 1067 1.
368 1063 374 1069 .

95 1015 328 1141 m2mltic.)Brat.
346 1087 398 1137 169
410 1082 450 1207 γγι
462 1080 572 1153 roella]
587 1082 663 1150 apud
677 1082 766 1136 socios
782 1084 810 1136 et
824 1081 940 1136 Latinos
955 1084 1078 1137 oratores

56 1156 150 1210 habiti
164 1157 231 1224 sunt
245 1153 276 1219 Q.
286 1153 399 1208 Vettius
435 1153 558 1208 ettinuus
573 1152 710 1220 eMnrsiS,
725 1169 808 1220 quem
822 1152 883 1221 ipsc
898 1153 1016 1223 cognovi
1031 1177 1077 1219 -ς

58 1227 88 1293 Q.
108 1227 143 1282 D.
163 1225 271 1280 Valerii
291 1225 390 1280 Sorani
412 1225 498 1280 vicini
522 1227 550 1279 et
569 1224 718 1278 familiaris
741 1224 810 1289 mei,
834 1242 891 1279 non
910 1227 967 1278 tam
987 1225 1016 1278 in
1037 1226 1078 1278 di·

59 1299 148 1353 cendo
164 1296 345 1352 admirabiles
360 1314 445 1365 quam
459 1296 536 1351 docti
551 1299 579 1349 et
590 1295 703 1349 Graecis
717 1296 821 1349 litteris
836 1298 865 1348 et
875 1295 991 1349 Latinis.
1018 1313 1080 1350 cam

57 1371 111 1426 alii
127 1376 280 1440 cepaaatar
298 1385 391 1429 omnes¹
398 1371 511 1437 patriae
525 1370 707 1437 appellativae
722 1367 854 1435 praediti,
876 1368 1000 1422 ‘Sorani’
1020 1383 1079 1437 cop·

56 1458 156 1497 nomen
173 1447 299 1506 nonest,
325 1441 398 1508 qnod
417 1457 435 1494 a
452 1440 561 1493 vocitas
582 1439 722 1494 ‘Latinos’
743 1446 768 1493 et
788 1439 895 1492 ‘cicini'
916 1441 998 1493 etiam
1016 1454 1080 1494 con-

57 1514 193 1581 firmatur.
212 1513 247 1578 cf.
254 1518 397 1581 praeterea
406 1512 468 1577 fal
482 1511 666 1576 monitorias,
677 1512 836 1564 Hermeoll
846 1512 939 1579 (1906)
951 1528 980 1578 p.
991 1514 1078 1579 59sq.‚

58 1602 120 1639 cam
144 1600 198 1652 qno
217 1585 299 1638 etiam
318 1584 454 1637 consentio
475 1581 505 1651 Q.
530 1583 669 1636 Valeriam
689 1581 826 1635 Ciceronis
848 1583 970 1635 vicinam
988 1599 1080 1652 prorn-

58 1657 190 1710 maticam
208 1670 263 1709 csse
281 1654 358 1722 (ibid.
373 1672 403 1724 p.
420 1657 463 1708 65.
497 1654 625 1720 Brittan,
644 1655 763 1707 Porciae
780 1653 899 1706 Liciaas
913 1669 943 1720 p.
961 1655 1032 1722 124).

131 1749 157 1797 3.
176 1745 252 1798 Plat.
272 1744 368 1810 Pomp.
390 1747 424 1797 10
449 1740 535 1803 Γάιος
561 1743 592 1797 δὲ
606 1739 735 1804 Ὄππιος
760 1740 774 1794 ὁ
801 1738 944 1808 Καίσαρος
972 1741 1081 1808 ἑταῖρος

59 1815 264 1882 ἀπανθρώπως
288 1813 357 1882 φησὶ
380 1814 429 1868 καὶ
452 1810 562 1884 Κοίντῳ
584 1810 728 1883 Οὐαλερίῳ
752 1811 912 1882 χρήσασθαι
934 1812 983 1865 τὸν
1004 1816 1080 1881 Πομ-

58 1885 155 1954 πήιον.
193 1883 378 1954 ἐπιστάμενον
400 1883 466 1954 γάρ,
490 1885 528 1947 ὡς
554 1884 608 1938 ἔστι
633 1881 781 1953 φιλόλογος
803 1884 874 1951 ἀνὴρ
894 1884 943 1936 καὶ
962 1886 1080 1952 allona·
1111 1886 1112 1890 ’

58 1957 118 2025 θὴς
141 1957 172 2012 ἐν
196 1953 300 2026 ὀλίγοις
323 1954 337 2009 ὁ
359 1954 520 2024 Οὐαλέριος,
546 1956 584 2019 ὡς
606 1953 681 2025 ἤχθη
706 1955 776 2021 πρὸς
797 1952 897 2018 αὐτόν,
925 1954 1081 2008 ἐπισπασά-

59 2047 147 2098 μενον
180 2027 229 2080 καὶ
258 2026 540 2096 συμπεριπατήσαντα
567 2028 616 2080 καὶ
643 2023 808 2095 πυθόμενον
837 2020 876 2079 ὧν
907 2026 1000 2097 ἔχρῃζε
1032 2027 1081 2080 nal

60 2096 203 2168 μαθόντα,
225 2097 380 2164 προστάξαι
397 2106 457 2160 τοῖς
474 2096 626 2165 ὑπηρέταις
647 2098 735 2158 εὐθὺς
753 2098 862 2151 ἀνελεῖν
881 2094 1082 2166 ἀπαγαγόντας

60 2172 99 2242 [a.
121 2168 225 2241 672l82
242 2171 372 2238 Pompeio
395 2171 426 2223 in
444 2169 543 2223 Sicilia
562 2169 758 2239 propraetore}
787 2169 859 2223 Sero.
880 2169 978 2238 (Dan.)
1011 2171 1080 2223 Aen.

61 2247 86 2307 1,
99 2245 159 2295 277
183 2239 261 2293 urbis
278 2240 357 2293 illius
383 2241 511 2311 [Romae]
536 2258 632 2294 verum
653 2255 755 2293 nomen
775 2256 856 2293 nemo
878 2239 923 2293 vel
943 2238 973 2291 in
995 2241 1081 2293 sacris

61 2311 201 2366 enuntiat.
239 2312 360 2379 denique
387 2310 518 2365 tribunus
540 2311 636 2380 plebei
659 2311 775 2379 quidam
798 2309 927 2364 Valerius
952 2310 1081 2379 Soranus,

62 2385 96 2436 ut
115 2381 158 2437 sit
170 2382 259 2437 varro
278 2384 307 2436 et
325 2381 409 2435 multi
428 2381 486 2449 alii,
504 2383 558 2437 hoc
575 2399 678 2437 nomen
697 2400 780 2435 ausus
796 2383 950 2447 enuntiare,
969 2384 1001 2435 ut
1020 2383 1080 2449 qui·

61 2455 129 2508 dam
152 2454 250 2508 dicunt
273 2457 370 2523 raptus
394 2471 411 2506 ο
430 2456 530 2508 senatu
549 2456 578 2507 et
595 2454 625 2507 in
645 2470 755 2507 crucem
774 2453 881 2507 levatus
902 2455 952 2520 est,
972 2456 1004 2506 ut
1024 2454 1082 2519 alii,

61 2527 141 2579 metu
160 2524 293 2594 supplicii
311 2524 386 2608 fugit
401 2527 430 2579 et
443 2525 474 2578 iu
488 2523 586 2578 Sicilia
600 2525 814 2593 comprehensus
830 2543 847 2578 e
860 2527 988 2593 praetore
1002 2542 1081 2593 pree-

61 2599 145 2666 cepto
165 2599 278 2650 senatus
297 2613 405 2651 oce1sus
422 2598 472 2650 est.
505 2598 577 2663 salso
591 2598 624 2651 de
638 2598 681 2651 tis
694 2598 811 2651 Leatsclr
826 2598 973 2651 Philoleo
987 2598 1082 2665 (1880)

58 2686 88 2737 p.
104 2672 150 2722 90.
183 2677 218 2734 ct.
242 2669 316 2722 Plnt.
340 2675 442 2736 qaoect.
462 2669 497 2722 R.
514 2672 556 2722 61.
595 2670 669 2722 Plin.
694 2687 722 2721 a.
741 2668 766 2721 lr.
787 2672 817 2732 3,
833 2671 877 2721 65.
915 2668 1000 2722 Solia.
1018 2673 1041 2735 1,
1056 2672 1082 2721 4.

61 2740 137 2809 Lyd.
148 2740 181 2794 de
194 2755 276 2794 mens.
287 2743 313 2805 4,
324 2743 366 2793 50.
398 2739 538 2794 (lictoriae
549 2740 695 2793 Platarclri
708 2742 795 2794 locam
808 2745 877 2792 recte
891 2740 928 2793 ael
944 2740 1083 2793 Valeriam

59 2813 272 2881 promamticnm
294 2810 414 2877 referens
431 2811 495 2864 tino
513 2813 572 2865 eine
590 2816 704 2864 aetatem
723 2813 800 2864 intra
818 2812 946 2865 terminos
966 2810 1083 2882 otlftlo

59 2884 138 2936 circa
160 2888 186 2936 et
204 2881 307 2953 672l82
329 2883 542 2951 circumscripsit
566 2882 642 2951 (ibid.
663 2901 688 2950 p.
705 2885 741 2934 62
749 2884 807 2950 sa),
834 2898 866 2934 ac
891 2882 920 2951 Q.
944 2883 1084 2936 Valeriam

62 2953 165 3008 Orcum
178 2960 332 3022 praetorem
351 2955 422 3006 anni
440 2953 542 3025 697s57
559 2955 618 3007 eins
636 2954 725 3019 filicem
743 2953 829 3019 fnisse
848 2954 968 3007 coniecit.

134 3036 160 3086 4.
191 3032 245 3087 Cic.
274 3033 306 3087 ele
328 3050 367 3087 or.
392 3037 422 3098 3,
441 3037 476 3087 43
505 3032 543 3104 [a.
563 3032 661 3102 663r'91
689 3034 811 3101 loqnitnr
840 3032 967 3103 Graecae]
995 3033 1082 3085 nost'

59 3103 155 3156 minus
171 3104 285 3157 student
304 3103 407 3157 litteris
426 3121 511 3171 quam
527 3103 634 3168 Latini3
653 3106 749 3156 tamen
764 3103 882 3169 existis,
903 3121 972 3169 quos
986 3104 1084 3169 nostis,

59 3173 191 3239 urbanis,
217 3174 247 3227 in
273 3175 375 3242 quibus
400 3174 548 3228 minimum
574 3176 617 3227 est
642 3173 814 3240 litterarum,
839 3190 921 3228 nemo
948 3178 990 3228 est
1016 3175 1084 3241 quin

61 3245 303 3300 litteratissimum
322 3247 483 3315 togatorum
502 3246 626 3299 omnium
646 3245 676 3310 Q.
695 3245 840 3298 Valerium
860 3244 995 3299 Soranum
1014 3245 1084 3299 leni-

60 3319 124 3371 tate
139 3317 216 3371 vocis
230 3318 315 3385 etque
329 3317 391 3386 ipso
406 3317 461 3371 oris
475 3333 573 3386 pressu
588 3319 617 3369 et
631 3334 697 3371 sono
712 3316 796 3370 facile
810 3317 913 3370 vincat,
939 3318 973 3383 cs.
989 3322 1046 3371 test.
1056 3321 1083 3370 2.

64 3422 300 3478 saumonem

134 3509 160 3559 5.
188 3504 264 3559 Plin.
288 3522 316 3558 a.
335 3504 361 3556 lr.
379 3504 472 3572 praef,
488 3507 524 3558 33
549 3503 617 3572 quid
644 3503 766 3579 singulis
793 3506 994 3562 continerem
1013 3502 1107 3556 unm

61 3575 131 3628 huic
149 3573 286 3642 epistulae
302 3573 435 3627 subiunxi
448 3607 490 3629 -.
519 3575 575 3633 hoc
594 3580 663 3636 ante
678 3599 727 3638 ms
740 3580 816 3638 fecit
830 3582 867 3637 in
877 3578 995 3636 litteus
1008 3572 1125 3631 nnstt'xs
