2422 3840
126 152 192 218 394
276 151 480 208 Grammaticus
498 152 600 207 aetatis
619 153 810 207 Varronianac
829 152 989 223 fragmenta

86 333 112 373 1⁰
126 339 348 397 quocumque
389 324 571 395 venerint,
611 322 702 380 hanc
739 322 810 380 sibi
846 341 917 380 rem
952 323 1140 397 pracsidio

126 414 272 486 sperant
296 411 465 469 futurum.

199 500 267 554 Geli.
288 506 312 566 1,
331 504 388 565 7,1
416 500 446 552 in
465 500 591 554 oratione
611 499 750 555 Ciceronis
770 500 870 568 quinta
887 500 916 553 in
932 499 1047 567 Verrem
1066 502 1145 573 [167]

124 571 156 624 in
179 571 220 641 [in
239 572 364 625 Euclid:
387 587 438 624 orn.
457 572 527 642 reti]
553 571 626 624 libro
650 574 793 642 spectatae
816 571 881 626 fidei
902 570 1054 627 Tironiana
1077 589 1145 626 cura

125 645 211 709 atque
230 641 381 710 disciplina
403 643 478 696 facto
503 643 553 712 [sic
568 644 744 698 Pol-Vatia:
764 644 806 696 ita
821 642 896 697 facto
911 643 953 695 ita
966 644 1036 714 cett]
1057 645 1144 697 scrib-

125 715 186 766 tum
205 712 271 766 fuit:
295 727 396 767 hommes
409 746 436 753 —
449 728 555 767 suarum.
591 714 741 767 videbatur
764 714 952 782 compluribus
963 714 1001 781 in
1020 717 1144 770 extremo

124 784 209 838 verbo
229 785 331 838 menda
350 801 421 848 esse;
442 784 571 838 debuisse
589 786 663 838 enim
683 785 768 838 scribi
782 786 923 853 putabant
936 803 992 839 non
1007 785 1144 849 futurum,

126 856 175 909 sed
193 855 325 909 futuram.
362 857 397 924 cf.
416 858 503 910 Prisc.
518 860 626 925 p.475,
642 861 683 910 18.

132 951 135 956 ’
197 959 212 1004 ‘3
236 953 367 1007 viderunt
391 953 441 1006 ubi
466 969 557 1021 neque
584 954 638 1008 otc.
716 960 810 1008 tesso
836 953 871 1008 iis
896 955 1062 1009 Pal-Vatia
1088 955 1142 1010 Cic.

111 1024 224 1089 ‚essetis
242 1025 299 1078 rell.
373 1030 441 1078 4ac
514 1024 705 1093 opericulum
778 1032 809 1078 11
830 1025 954 1078 futuram
975 1025 1029 1080 Cic.

556 1169 579 1226 2
601 1160 705 1246 [deest]

192 1267 415 1342 perangusto
439 1265 536 1323 fretu
560 1263 678 1323 divisa

199 1354 267 1407 Gen.
282 1359 325 1419 13,
339 1359 385 1419 21,
401 1358 435 1407 15
459 1354 542 1407 sicuti
566 1353 659 1407 Marco
683 1354 769 1408 etiam
789 1352 915 1408 Ciceroni
938 1354 1051 1408 mollius
1071 1359 1141 1410 terc-

125 1423 237 1490 tiusque
270 1425 359 1478 visum
395 1425 425 1477 in
458 1425 558 1493 quinta
589 1425 619 1477 in
651 1424 766 1479 Verrem
804 1425 882 1495 [169]
914 1423 988 1478 fretu
1021 1427 1141 1481 scribere

33 1544 35 1548 .
125 1511 209 1562 quam
229 1495 312 1549 freto:
333 1521 422 1559 perang.
450 1496 677 1563 inquilinorum.
694 1497 842 1550 eratenim
858 1497 1050 1550 crassiusiam
1063 1501 1141 1552 vetu-

125 1566 251 1634 stiusquc
273 1569 454 1636 ‘perangusto
473 1566 556 1621 freto’
577 1568 678 1621 dicere.
701 1569 734 1622 de
757 1569 855 1622 Tirone
873 1568 974 1622 editore
997 1570 1040 1623 cd.
1059 1572 1096 1636 fr.
1117 1574 1141 1623 3.

557 1712 577 1767 3
602 1702 705 1788 [deest]

191 1825 290 1865 nemo
310 1808 362 1866 ita
380 1807 540 1880 vivebat,
559 1810 598 1866 ut
616 1808 718 1865 nulla
736 1808 811 1867 eius
829 1809 926 1866 vitae
946 1827 1029 1882 pars
1049 1827 1141 1867 sum·

124 1915 198 1954 mae
222 1895 465 1970 turpitudinis
489 1899 583 1954 esset
606 1915 745 1971 expers,
771 1915 870 1956 nemo
893 1899 947 1955 ita
970 1897 1005 1954 in
1029 1898 1141 1956 mani-

124 1984 217 2043 festo
240 1989 390 2059 peccatu
413 1985 617 2059 tenebatur,
641 1990 680 2044 ut
703 2005 778 2044 cum
806 1985 982 2061 inpudens
1010 1987 1141 2046 fuisset

123 2075 159 2131 in
190 2074 301 2147 facto,
331 2077 404 2131 tum
434 2074 668 2149 inpudentior
698 2075 895 2148 videretur,
924 2077 954 2132 si
984 2079 1140 2153 negaret.

197 2164 265 2217 Geli.
285 2165 351 2217 ibid.
368 2168 401 2218 16
426 2163 526 2216 itidem
550 2164 580 2215 in
607 2164 730 2217 secunda
753 2164 838 2216 simili
862 2181 926 2217 usus
950 2165 1140 2218 modulamine

126 2234 286 2288 ‘manifesto
301 2236 430 2303 peccatu'
446 2235 547 2302 inquit,
562 2252 618 2287 non
635 2236 787 2303 ‘peccato'3
802 2235 855 2289 hoc
870 2235 945 2287 enim
959 2236 1096 2303 scriptum
1110 2237 1140 2288 in

124 2322 180 2362 uno
199 2307 284 2373 atquc
303 2307 332 2357 in
353 2305 440 2360 altero
460 2305 672 2373 antiquissimae
687 2307 752 2359 fidei
767 2306 839 2360 libro
854 2306 1005 2360 Tironiano
1020 2308 1139 2376 repperi.

124 2377 209 2430 verba
228 2381 294 2429 suni
313 2376 452 2430 Ciceronis
471 2377 540 2430 haec
561 2379 651 2448 [191]:
670 2404 736 2432 nemo
751 2410 778 2416 -
790 2396 888 2441 negaret.

542 2520 582 2576 *4
622 2521 641 2576 d
673 2563 677 2570 .

190 2613 303 2693 (Tiro)
317 2620 418 2691 posuit
432 2618 508 2674 hanc
528 2612 573 2695 [ia
588 2513 624 2674 d.
643 2515 792 2696 eggiberti]
814 2617 893 2675 inter
912 2636 961 2676 eas
980 2619 1139 2690 orationes

124 2723 198 2780 quas
213 2706 289 2763 dixit
305 2705 406 2763 Cicero
416 2706 447 2763 L.
461 2706 592 2764 Domitio
601 2706 700 2781 Appio
712 2705 837 2764 Claudio
852 2725 924 2765 coss
943 2700 984 2784 [a.
996 2700 1138 2785 700f54],

122 2794 267 2852 ultimam.

196 2886 294 2938 Αδθονι.
314 2885 344 2935 in
364 2886 397 2937 L.
413 2886 471 2937 Pt'S.
486 2903 515 2952 p.
529 2891 543 2937 1
559 2885 629 2938 K-S.
650 2884 743 2957 (Tiro)
764 2885 878 2952 quidem
901 2899 1016 2946 posuit-
1030 2901 1138 2939 ultimam.

124 2955 173 3007 sed
191 2956 223 3006 ut
238 2972 290 3024 ago
310 2955 345 3007 ab
364 2972 396 3009 co
416 2955 580 3008 dissentiam
599 2956 669 3009 facit
687 2957 816 3024 primum,
837 2956 912 3023 quod
929 2955 993 3010 Piso
1012 2971 1138 3010 reversus

124 3028 167 3080 est
180 3042 214 3079 ex
228 3026 373 3093 provincia
381 3027 514 3094 Pompeio
529 3029 558 3080 et
568 3026 666 3080 Crasso
681 3026 851 3093 consulibus,
867 3026 1003 3079 Gabinius
1015 3027 1138 3081 Domitio

123 3101 152 3150 et
172 3097 276 3165 Appio;
302 3098 374 3150 hanc
394 3101 488 3151 autem
508 3099 664 3151 orationem
683 3099 788 3152 dictam
808 3102 874 3150 ante
894 3097 997 3151 Gabini
1014 3099 1138 3151 reditum

123 3185 156 3220 ex
175 3169 238 3237 ipsa
256 3168 437 3221 manifestum
452 3172 506 3235 cst3
527 3169 627 3222 deinde
647 3170 722 3237 quod
741 3170 831 3238 magis
850 3170 898 3240 [m.
914 3187 940 3236 q.
956 3169 989 3239 0]
1009 3168 1138 3222 naturale

124 3242 175 3304 cst,
194 3242 226 3292 ut
244 3238 308 3292 Piso
328 3240 382 3310 [ita
401 3242 516 3295 Rinkes:
536 3241 597 3307 ipso
618 3241 651 3311 0]
670 3235 776 3293 receriti
794 3241 887 3293 reditu
906 3241 1033 3293 invectus
1053 3241 1138 3293 sitin

124 3309 284 3364 Ciceronem
302 3312 533 3378 responderitque
552 3312 731 3365 insectationi
751 3313 819 3378 eius,
839 3328 894 3379 qua
913 3314 1060 3365 revocatus
1079 3313 1138 3364 crat

122 3399 156 3434 cx
170 3382 326 3450 provincia,
346 3399 430 3449 quam
449 3384 513 3450 post
532 3383 598 3434 anni
617 3382 803 3436 intervallum,

182 3490 196 3535 1
220 3481 288 3538 Tiro
314 3483 381 3539 add.
408 3485 441 3539 ia
466 3483 519 3540 loc.
546 3481 755 3551 Kiessl-Scltoclt
778 3478 873 3547 llcpos
897 3482 1017 3546 praefert
1041 3480 1138 3534 Hilde-

90 3551 204 3609 brandt
213 3575 250 3625 p.
268 3562 307 3614 15
