2422 3840
423 189 452 243 P.
471 188 605 259 Nigidius
623 188 740 258 Figulus
1024 187 1088 252 173
1166 190 1168 192 ³

72 360 133 434 qui
165 359 389 417 mendacium
421 358 512 417 dicit
544 358 621 434 ipse
658 377 728 415 non
760 356 877 431 fallit,
915 359 1089 432 quantum

70 450 107 506 in
131 468 166 508 se
190 450 250 507 est.

146 547 214 601 Gezl.
229 547 295 600 ibid.
310 551 330 600 2
352 546 421 599 item
439 545 492 598 hoc
512 544 635 598 addidit:
662 559 701 607 qui
714 571 742 598 m.
759 544 852 612 inquit
870 558 999 598 fallit-ln
1012 569 1035 598 se
1050 562 1088 598 est.

502 688 561 754 31⁶
601 699 642 754 49

139 803 320 862 virbonus
335 806 524 879 praestare
539 690 698 861 deletine
712 801 919 874 mentiatur,
933 801 1087 876 prudens

71 912 113 950 ne
134 892 356 950 mendacium
379 891 492 964 dicat3
516 888 669 950 alterum
692 891 824 949 incidit
846 893 882 949 in
905 891 1089 964 hominem,

72 982 227 1040 alterum
249 1001 326 1039 non.
885 1003 887 1008 ·

146 1079 213 1138 Gcll.
233 1080 333 1133 ibide
363 1079 432 1133 item
456 1079 510 1132 hoc
533 1096 644 1146 quoque
668 1095 752 1147 super
775 1077 873 1132 eudem
897 1095 926 1131 re
946 1077 1029 1131 dicit:
1055 1091 1090 1131 vir

70 1168 145 1206 bonus
158 1182 185 1189 —
200 1167 294 1204 alterum
312 1177 363 1205 non.
405 1150 481 1204 varie
506 1165 552 1202 me
577 1149 689 1203 hercule
716 1152 744 1202 et
769 1149 863 1218 lepide
887 1148 1021 1218 Nigidius
1047 1150 1090 1202 tot

72 1221 228 1276 sententias
251 1222 281 1282 in
305 1222 423 1275 eandem
449 1239 520 1286 rem,
549 1221 631 1289 quasi
654 1220 734 1274 aliud
759 1222 845 1288 atque
870 1219 949 1273 aliud
975 1219 1088 1286 diceret,

71 1293 237 1362 disparavit.
274 1295 349 1347 Noa.
374 1311 401 1361 p.
420 1296 533 1359 441,13
559 1293 634 1363 [post
652 1293 688 1358 fr.
704 1292 751 1362 31]
776 1293 913 1360 quantum
936 1291 966 1345 in
985 1308 1014 1344 se
1038 1293 1089 1357 est,

71 1380 106 1418 vir
120 1381 193 1419 bonus
206 1396 233 1403 -
247 1379 341 1418 alterum
354 1390 406 1419 nou

145 1461 158 1506 1
180 1454 260 1506 etue
279 1455 392 1508 Nonius
499 1460 515 1506 2
535 1452 642 1506 iudicet
660 1452 690 1505 in
708 1452 820 1505 homine
839 1453 903 1506 item

141 1705 236 1785 ‘quin'
251 1711 410 1787 particula,
430 1730 520 1786 quam
533 1709 724 1787 grammatici
738 1702 979 1778 coniunctionem.
989 1709 1090 1783 appel-

73 1800 148 1872 lant,
168 1802 259 1858 variis
274 1801 370 1858 modis
385 1801 599 1874 sententiisque
618 1801 770 1858 conectere
784 1799 947 1857 orationem
962 1798 1088 1856 videtur.

74 1890 163 1947 aliter
185 1889 264 1946 enim
287 1889 347 1947 dici
368 1892 502 1964 putatur,
525 1907 593 1946 cum
611 1888 697 1964 quasi
720 1889 913 1963 increpantes*
928 1878 977 1946 vel
998 1888 1090 1944 inter·

72 1979 214 2087 rogantes
228 1978 277 2037 vel
291 1978 449 2037 exhortent
451 1997 481 2037 es
436 1978 620 2036 tdicimus
635 1971 720 2053 ‘quin
734 1979 817 2035 venis
823 1970 867 2037 ιι·
884 1970 1089 2052 ‘quinlegis?'

75 2061 161 2141 ‘quin
188 2063 310 2143 fugis?',
348 2067 403 2126 alit
390 2070 437 2126 ter
463 2086 531 2125 cum
542 2068 602 2124 ita
630 2060 877 2125 confirmamus
879 2084 939 2123 non
967 2064 1090 2123 dubium
1117 2085 1130 2126 5

75 2158 120 2214 est
151 2158 223 2230 quin
252 2155 291 2212 Μ
311 2157 428 2239 Tullius
459 2158 591 2215 omnium
621 2157 660 2215 sit
690 2143 971 2256 eloquentissimus,
1004 2154 1091 2212 aliter

75 2247 189 2318 autem,
220 2263 287 2302 cum
314 2246 356 2302 sic
385 2244 601 2320 componimus,
631 2235 745 2320 quod
732 2242 826 2318 quasi
853 2243 946 2318 priori
973 2243 1054 2302 videt
1041 2247 1091 2301 tur

74 2289 285 2391 contraiium
288 2353 347 2392 non
365 2333 475 2393 idcirco
495 2351 599 2392 causas
614 2333 760 2392 Isocrates
779 2351 839 2390 non
858 2332 999 2406 defendit,
1019 2333 1090 2407 quin

74 2422 106 2480 id
129 2422 203 2479 utile
232 2441 294 2480 esse
319 2426 349 2481 et
371 2423 528 2482 honestum
555 2418 763 2496 existumarit'3
796 2441 895 2496 aquo
918 2421 972 2478 illa
999 2421 1091 2498 signi-

74 2510 174 2568 ficatio
196 2531 254 2570 non
280 2511 427 2586 abhorret,
450 2515 591 2587 quaeest
608 2512 641 2569 in
658 2514 749 2570 tertia
772 2511 885 2588 origine
909 2510 947 2568 M.
969 2508 1089 2568 Catonis
1105 2529 1131 2570 ιι

76 2595 127 2678 [fr.
154 2602 195 2657 73
210 2594 271 2678 P.]:
300 2593 386 2658 ‘haut
409 2595 470 2660 eos'
493 2602 592 2676 inquit
616 2596 661 2659 ‘eo
684 2602 868 2675 postremum
891 2598 994 2670 scribe,
1019 2600 1091 2673 quin

75 2689 180 2764 populi
196 2691 226 2748 et
243 2688 358 2747 boniet
376 2691 490 2748 strenui
508 2685 606 2748 sient’.
643 2689 675 2746 in
694 2688 821 2748 secunda
841 2707 958 2763 quoque
977 2688 1090 2765 origine
1125 2747 1129 2755 ,

75 2778 113 2835 Μ.
131 2776 205 2836 Cato
226 2798 285 2836 non
304 2779 392 2855 longe
411 2797 493 2838 secus
512 2778 568 2836 hac
585 2778 734 2853 particula
752 2796 823 2836 usus
842 2780 887 2836 est
909 2771 959 2854 [sr.
976 2779 1019 2835 36
1028 2772 1090 2855 P.]:

77 2862 184 2942 ‘neque
204 2863 288 2925 satis'
303 2870 404 2942 inquit
418 2863 543 2940 ‘habuit
562 2867 723 2942 quodcum
741 2867 773 2923 in
788 2866 903 2924 occulto
921 2866 1090 2938 vitiaverat,

75 2957 149 3029 quin
172 2956 234 3014 eius
258 2956 370 3014 famam
393 2951 607 3030 prostitueret'.
648 2959 803 3030 praeterea
826 2954 1091 3013 animadvertimus
1105 2973 1130 3013 ιι

77 3042 306 3121 Quadrigarium
324 3045 356 3101 in
375 3048 481 3104 octavo
505 3043 659 3103 annalium
676 3044 826 3119 particula
844 3045 903 3102 ista
920 3062 1008 3102 usum
1027 3061 1090 3102 esse

77 3132 291 3192 obscurissime.
333 3133 424 3193 verba
447 3134 540 3209 ipsius
563 3133 715 3208 posuimus
741 3126 791 3210 [fr.
811 3136 854 3190 70
868 3126 929 3210 P.]:
954 3128 1091 3191 ‘Romam

76 3221 172 3294 venit;
199 3223 249 3280 vix
272 3226 401 3297 superat,
429 3223 501 3297 quin
528 3223 697 3297 triumphus
724 3215 918 3280 decernatur'.
964 3223 1036 3279 item
1059 3223 1090 3278 ιιι

77 3314 159 3369 sexto
184 3311 286 3369 annali
309 3312 439 3370 eiusdem
462 3311 553 3370 verba
575 3311 648 3370 haec
671 3313 741 3369 sunt
764 3304 816 3388 [fr.
839 3309 880 3368 58
893 3304 954 3388 P.]:
985 3305 1090 3384 ‘paene

76 3400 191 3458 factum
211 3403 263 3473 est,
287 3400 359 3475 quin
378 3404 475 3459 castra
498 3400 699 3475 relinquerent
719 3402 808 3473 atque
832 3398 968 3457 oederent
989 3394 1097 3454 hosti'
1106 3416 1139 3452 aa

76 3507 135 3546 non
158 3508 205 3547 me
229 3492 329 3548 autem
354 3490 499 3591 praeterit
486 3488 624 3548 tdioere
652 3489 790 3568 aliquem
815 3506 910 3565 posse
932 3487 974 3544 de
994 3496 1123 3542 summu

72 3579 193 3650 pectore
208 3578 254 3634 nil
272 3595 336 3636 esse
353 3581 385 3637 in
405 3579 454 3641 his
473 3580 575 3644 verbis
601 3584 741 3666 negotii3
763 3602 846 3648 uam
865 3596 948 3655 quin
968 3566 1152 3634 ausurum
