2422 3840
137 205 202 269 212
284 204 489 260 Grammatieee
509 205 610 259 aetatis
628 205 821 261 Varronianue
839 205 998 276 fragmenta

209 366 277 421 Gell
299 372 324 433 1,
344 369 390 432 24,
411 370 428 418 3
453 365 500 433 epi
535 381 628 418 emme
652 364 760 431 Plauti,
785 365 860 433 quod
883 366 1090 425 dubitassemus
1114 382 1152 421 un

135 436 231 491 Plauti
248 435 329 503 foret,
348 436 403 490 nisi
422 453 439 491 c
459 441 495 490 ll.
577 452 629 490 one
648 436 772 504 positum
790 439 864 490 esset
877 437 907 490 in
921 437 994 491 libro
1009 438 1044 492 de
1057 439 1150 507 poetis

135 509 225 578 primo
245 509 349 579 [FPR
362 525 392 577 p.
407 511 471 575 296,
485 508 569 579 4B.]:
588 525 706 571 postquem
719 539 745 546 -
759 522 953 563 conlacrimsrunt

636 679 676 735 60

200 801 265 859 l.I.
312 800 438 859 deinde
463 801 505 859 ud
529 801 671 860 Siculos
695 820 730 861 se
754 802 964 878 adplicavit.

204 918 292 972 Prisc.
309 934 337 985 p.
357 920 454 983 469,9
471 916 560 971 Varro
580 917 614 970 de
633 917 724 986 poetis
746 916 819 971 libro
837 918 862 972 I:
886 932 967 972 uolnus
980 949 1007 957 -
1021 932 1150 981 adplicat-ic

133 989 261 1043 Eiectum
278 989 440 1059 simitum,
460 991 509 1057 qui
526 989 726 1056 Epicharmium
744 990 861 1058 scripsit,
879 996 992 1044 constet.

620 1159 659 1215 61

199 1273 218 1330 l.
251 1273 277 1330 I.
339 1270 496 1330 Claudium
537 1269 568 1330 e't
609 1271 791 1330 Tuditanum
835 1272 970 1332 consules
1007 1276 1150 1331 secuntur

134 1360 166 1430 Q.
185 1361 325 1420 Valerius
353 1363 383 1419 et
407 1359 437 1418 (l.
460 1360 613 1419 Mamilius
645 1354 685 1439 [c.
712 1355 874 1440 515s239]
906 1361 1013 1438 quibus
1043 1366 1150 1420 nutum

133 1468 196 1508 esse
215 1448 247 1518 Q.
266 1451 398 1508 Ennium
420 1453 541 1524 poetam
559 1449 598 1507 M.
615 1449 710 1509 Varro
727 1451 760 1508 ¹in
778 1452 875 1525 primo
894 1451 930 1508 de
953 1453 1049 1526 poetis
1070 1451 1149 1510 libro

133 1541 253 1614 sempsit
283 1557 421 1615 eumque,
453 1556 520 1596 cum
550 1538 709 1614 septimum
738 1542 768 1598 et
795 1540 1009 1616 sexagesimum
1038 1559 1149 1598 annum

107 1628 271 1701 thabeel,
312 1627 519 1687 duodecimum
555 1627 693 1686 annalem
734 1630 887 1704 scripsisse
923 1628 1012 1703 idque
1049 1631 1150 1703 ipsum

133 1717 265 1775 Ennium
287 1717 320 1774 in
343 1717 445 1775 ecdem
467 1717 544 1775 libro
570 1710 614 1795 [p.
637 1719 678 1774 67
692 1709 754 1796 W]
780 1716 884 1776 dicere.

206 1815 274 1870 eeu
289 1798 333 1882 17,
346 1819 392 1882 21,
406 1820 441 1869 43
456 1828 574 1869 usuum
583 1847 610 1855 -
619 1830 699 1871 uem.
719 1817 773 1870 cu.
788 1818 870 1871 urle.
887 1820 922 1870 72
936 1816 1030 1869 civius
1040 1815 1149 1885 prunus

133 1886 261 1940 fabulum
275 1886 422 1940 —docuit
439 1902 512 1940 enno
532 1887 593 1956 ipso
613 1890 678 1941 unte
697 1903 783 1955 quem
800 1889 884 1941 uetus
899 1889 942 1940 est
955 1887 1071 1954 Ennius,
1085 1889 1152 1956 post

132 1957 251 2011 Rumam
283 1958 426 2015 conditum
458 1960 553 2012 entem
584 1957 803 2025 quartodeeumo
835 1961 865 2012 et
894 1958 1148 2028 quingentensimo.

133 2031 248 2084 Hieron.
268 2032 302 2084 el.
322 2026 384 2096 135,
397 2034 417 2084 2
431 2056 465 2075 =
479 2029 551 2084 Sciet.
566 2029 623 2083 rell.
639 2047 669 2098 p.
688 2031 770 2084 2411.
799 2028 918 2095 Quintus
937 2029 1044 2083 Ennius
1062 2032 1150 2098 poeta

132 2100 248 2154 Tarenti
265 2100 391 2153 nescitur
409 2101 447 2172 [a.
463 2099 600 2172 515f239].
664 2101 729 2154 hisce
746 2102 861 2167 fortasse
879 2108 1061 2155 placaverunt
1079 2119 1150 2171 quae

135 2172 240 2227 Gellius
258 2173 313 2242 (12,
327 2176 353 2237 4,
367 2176 393 2240 4)
413 2172 523 2226 Aelium
541 2171 671 2227 Stilonem
689 2172 723 2226 de
737 2173 833 2226 Ennio
847 2173 950 2227 dixisse
962 2179 1063 2226 currat
1077 2174 1147 2242 (Aet.

132 2242 192 2298 Stil.
211 2244 247 2309 fr.
263 2244 316 2312 51).
344 2243 379 2308 ef.
400 2244 587 2298 Kreteselcmer
604 2244 671 2297 ibid.
681 2261 710 2312 p.
727 2247 771 2297 52.

204 2356 220 2402 2
240 2347 280 2420 0.]
300 2348 398 2402 consul
417 2349 507 2403 Puris.
580 2349 701 2403 manlius
721 2351 818 2421 Repiu.
840 2354 910 2404 1646
928 2349 1056 2402 munibus
1073 2351 1147 2405 Voss.

133 2422 197 2475 Lat.
216 2421 247 2474 F
258 2424 311 2475 112
329 2419 462 2474 manilius
479 2422 536 2475 rell.
555 2421 647 2475 eodel:
664 2438 712 2475 em.
729 2421 863 2476 Oclwmuu
922 2426 937 2474 5
953 2422 1049 2491 egeret
1065 2423 1148 2491 Map-

133 2492 197 2546 liab.
218 2493 315 2562 Repic.
336 2495 392 2544 597
415 2493 487 2546 Voce.
507 2492 572 2545 Lat.
592 2492 618 2545 F
634 2496 686 2546 112

619 2663 661 2720 62

199 2785 263 2844 l.I.
310 2784 490 2859 adulescens,
522 2787 585 2843 tam
613 2788 669 2844 etsi
695 2803 846 2862 properae,
877 2785 933 2845 hoe
956 2791 985 2843 te
1010 2785 1147 2844 saxulum

310 2876 397 2952 roget
406 2876 441 2932 ut
450 2893 481 2933 se
491 2875 627 2948 aspicias,
639 2874 745 2932 deinde
755 2874 836 2950 quod
846 2877 990 2950 scn'ptum
1000 2877 1046 2933 est
1054 2875 1144 2952 legas.

309 2963 357 3021 hie
381 2966 450 3022 sunt
471 2965 577 3038 poetae
600 2963 712 3021 Pacuvi
734 2963 827 3022 Murci
850 2965 921 3030 sita¹

310 3070 384 3111 osse.
430 3052 485 3110 hoc
508 3051 652 3125 volebam,
675 3053 789 3112 nescius
813 3071 850 3110 ne
873 3071 959 3112 esses
1004 3052 1080 3110 vale.

205 3158 378 3226 Gell.1,24,4
393 3158 566 3228 epigramma
579 3158 694 3212 Peeuvii
707 3159 974 3212 verecundissimum
988 3160 1017 3212 et
1030 3159 1147 3228 purissi-

132 3248 207 3283 mum
219 3229 391 3298 dignumque
401 3228 460 3283 eius
475 3230 686 3300 elegentissime
700 3231 838 3300 gravitate
853 3230 1145 3302 [FPRp.296,5B.]:

132 3315 261 3355 senescens
281 3333 307 3340 -
328 3315 385 3355 vale.
422 3301 454 3354 de
477 3301 600 3356 Varrone
623 3309 732 3356 auctore
755 3303 789 3368 ef.
813 3303 851 3355 ael
873 3303 909 3368 fr.
930 3306 971 3356 59.
1009 3302 1042 3355 ele
1065 3303 1145 3356 titulo

132 3373 287 3438 Buecheler,
306 3388 388 3426 earm.
408 3389 447 3442 ep.
467 3376 531 3426 848.
551 3373 603 3427 Re.
624 3373 699 3426 Meis.
719 3377 755 3428 37
775 3374 871 3442 (1882)
885 3390 915 3442 p.
931 3376 993 3427 521.

204 3466 217 3512 1
247 3462 306 3513 tum
331 3461 414 3528 florii.
442 3462 518 3516 codd.
547 3463 639 3516 Puris.
668 3465 741 3516 4952
761 3462 846 3515 Vatie.
871 3465 945 3516 3307
969 3465 1065 3515 tumen
1087 3463 1144 3516 rell.

116 3531 195 3581 codd
249 3532 279 3583 te
292 3531 426 3587 saxulum
441 3533 592 3590 Buecheler
609 3535 639 3588 te
653 3548 753 3587 sexum
768 3535 859 3588 Puris.
878 3534 963 3587 Velie.
982 3532 1146 3590 thesaurum

97 3596 274 3663 [Μ’-344,
353 3607 513 3676 Bpeeuuii
589 3606 693 3662 mercii
705 3607 798 3661 Vutic.
