2422 3840
131 166 198 232 202
280 165 485 222 Grammaticus
504 165 606 220 aetatis
625 164 818 222 Varronianus
836 165 997 236 fragments

567 337 610 394 37
651 337 693 394 63

198 444 215 500 l.
239 443 306 500 ΙΙΙ.
352 445 543 518 utrumque
571 327 754 516 andedos,
784 444 819 500 et
847 443 1049 516 epicrocum
1077 440 1150 500 viri
1182 418 1184 421 ι

130 551 270 608 quoque
292 531 514 591 habitarunt.

203 631 276 685 Noa.
292 648 323 700 p.
343 633 407 697 318,
420 632 458 684 26
480 628 624 697 habitare,
647 629 698 684 uti.
727 628 815 683 Varro
835 644 961 682 sermone
980 627 1080 683 Latino
1099 625 1149 682 lib.

130 701 184 757 III:
203 719 321 764 unumque
335 732 362 740 -
374 715 513 755 habitarunt.

570 853 612 910 ee
637 844 709 930 [cr]

199 975 218 1034 l.
241 976 300 1035 IV.
355 975 538 1036 clausulas
576 994 717 1051 quoque
753 977 905 1051 primum
942 975 1151 1050 appellatas

132 1065 272 1139 dicunt,
296 1064 388 1140 quod
411 1063 623 1124 clauderent
645 1065 878 1139 sententiam,
905 1067 944 1122 ut
967 1064 1061 1139 apud
1083 1063 1150 1124 Ac-

133 1156 226 1213 cium
268 1151 307 1230 [o.
334 1155 397 1213 665
417 1147 547 1234 Ribb.³]:
595 1148 656 1212 ‘an
692 1153 779 1213 haec
814 1155 884 1212 iam
921 1152 1031 1220 obliti
1068 1156 1150 1213 suni

133 1239 330 1320 Phryges?'
377 1262 445 1302 non
474 1262 665 1318 numquam
693 1242 734 1301 ab
762 1243 817 1301 his
844 1242 994 1300 initium
1021 1241 1080 1316 fit,
1112 1245 1153 1302 ut

106 1332 227 1408 capud
264 1330 461 1391 Caecilium
494 1325 533 1411 [c.
557 1324 883 1411 280Rtbb.³]:“dei
905 1330 1018 1390 ,bonil
1064 1331 1152 1406 qaid

132 1414 238 1479 hoc?’
287 1421 379 1496 apud
412 1421 615 1480 Terentium
648 1414 774 1500 [adelph.
802 1414 893 1498 610]:
931 1414 1152 1479 ‘discrucior

132 1503 268 1568 animi'.

204 1603 299 1676 Rusio.
315 1625 345 1676 p.
361 1612 423 1674 556,
439 1612 456 1662 7
474 1608 563 1662 Varro
581 1606 612 1660 in
629 1607 682 1661 IIII
700 1607 743 1679 [in
761 1608 881 1676 septimo
900 1609 992 1663 Paris.
1009 1611 1082 1662 7496
1100 1608 1152 1662 Ull

132 1679 224 1733 Paris.
235 1683 305 1733 7501
316 1679 346 1732 in
355 1682 461 1746 omisso,
471 1679 501 1733 in
508 1678 560 1733 UH
570 1680 668 1750 Rapta.
678 1684 750 1733 1709
757 1680 791 1745 cf.
796 1678 913 1750 praem:
923 1694 1035 1734 aramma
1042 1710 1069 1718 -
1076 1693 1152 1734 animi

132 1752 167 1818 cs.
182 1752 265 1806 Paul.
281 1751 354 1805 Fert.
366 1767 396 1818 p.
412 1756 457 1817 56,
472 1756 498 1805 8.
529 1752 605 1805 Mar.
621 1751 688 1805 Vict.
700 1768 730 1820 p.
741 1755 785 1816 60,
799 1755 837 1805 27
850 1767 925 1803 nunc
940 1751 974 1804 de
988 1752 1151 1819 metrorum,

131 1824 217 1890 prout
235 1839 329 1876 versus
347 1821 527 1890 processerit,
549 1822 723 1890 praescripto
744 1823 773 1874 et
790 1821 919 1891 legitimo
938 1821 992 1875 fine
1012 1821 1152 1876 clausula·

133 1909 187 1961 que
207 1893 340 1948 dicemus.
372 1909 439 1946 nam
457 1892 574 1948 metrica
592 1892 656 1962 lege
674 1893 705 1946 in
722 1893 778 1946 fine
796 1909 925 1946 versuum
944 1893 1152 1962 quadripertita

134 1964 275 2018 conclusio
303 1965 359 2031 est,
390 1981 441 2033 por
467 1981 553 2032 quam
581 1965 673 2018 exitus
701 1964 783 2018 metri
811 1965 958 2031 statusque
987 1965 1152 2031 dinoscitur,

133 2037 227 2089 utrum
249 2036 322 2104 pede
347 2051 395 2089 eeu
419 2035 561 2104 semipede
584 2034 628 2089 vel
652 2034 769 2105 dipodia
794 2035 832 2089 sit
850 2034 1041 2091 terminatum.
1078 2036 1152 2091 hanc

134 2106 235 2161 Graeci
252 2106 404 2174 κατάληξιν
422 2109 532 2173 vocant,
551 2106 581 2160 id
600 2108 644 2162 est
662 2124 725 2160 cum
743 2106 904 2176 legitimum
922 2108 1042 2161 metrum
1061 2106 1091 2159 in
1106 2123 1152 2174 sy-

133 2179 217 2247 zygia
236 2177 392 2247 simplicem
410 2178 520 2247 pedem,
539 2178 569 2230 in
587 2178 757 2246 monopodia
776 2194 848 2245 vero,
869 2177 900 2230 id
919 2179 963 2231 est
980 2177 1011 2231 in
1029 2177 1152 2247 simplici

132 2248 214 2317 pede,
229 2249 369 2317 syllabam
382 2249 484 2318 perdit.
503 2251 537 2317 cf.
553 2250 591 2304 td.
602 2268 631 2319 p.
652 2254 694 2314 79,
710 2255 726 2303 1
742 2250 849 2317 (Basta.
860 2266 890 2317 p.
906 2253 1037 2319 557,13).
1057 2250 1151 2305 Diem.

132 2337 162 2388 p.
182 2324 244 2387 300,
258 2325 304 2375 23.
332 2322 401 2375 Issit.
420 2338 459 2376 or.
480 2326 505 2388 1,
520 2325 565 2387 39,
578 2325 623 2376 24.

206 2432 222 2480 3
241 2427 311 2482 haec
328 2428 386 2481 iam
404 2427 474 2482 haec
492 2428 542 2482 del.
562 2429 647 2483 altero
665 2428 735 2482 haec
754 2430 847 2483 Parte.
868 2431 940 2482 7496
1012 2433 1028 2480 4
1045 2427 1152 2497 Bruges

134 2498 242 2553 Ritccbl
319 2505 334 2552 6
354 2499 400 2552 dei
418 2499 445 2553 b.
465 2501 557 2554 Parte.
578 2503 652 2554 7496
668 2501 766 2569 Rapta.
787 2503 841 2553 733
860 2500 895 2553 de
910 2539 939 2553 ..
969 2499 1059 2553 Paris.
1081 2503 1152 2554 7501

179 2739 181 2743 Α
572 2653 615 2708 39
640 2643 711 2729 [73]
798 2654 801 2661 ’

202 2775 220 2832 l.
240 2775 298 2833 IV.
340 2778 377 2833 at
397 2776 434 2832 in
452 2778 647 2833 extremum
670 2776 849 2833 senarium
874 2774 1026 2832 totidem
1047 2776 1152 2832 semi·

134 2863 285 2939 pedibus
316 2864 471 2923 adiectis
501 2865 570 2922 fiet
600 2864 755 2922 comicus
786 2861 996 2938 quadratus,
1029 2864 1069 2920 ut
1095 2862 1154 2922 hic

136 2945 216 3030 [Ter.
237 2971 301 3012 aaa.
317 2947 412 3031 539]:
439 2947 533 3010 ‘hori
556 2952 699 3028 aliquot
723 2951 991 3010 adulescentuli
1015 2952 1153 3010 coimus

135 3037 171 3098 in
195 3036 348 3101 Piraeo’.
1144 3104 1147 3108 .

208 3140 302 3205 Rapa.
327 3157 356 3208 p.
383 3143 503 3205 556,14
533 3139 609 3193 idem
634 3138 723 3193 Varro
753 3138 783 3191 in
810 3137 909 3192 eodem
936 3138 988 3191 llll
1020 3139 1153 3210 [septimo

136 3211 227 3265 Paris.
256 3215 329 3265 7496
354 3210 405 3263 UH
432 3212 523 3265 Poris.
552 3216 623 3265 7501
648 3213 745 3280 Rapta.
772 3213 825 3263 733
852 3209 926 3263 libro
950 3211 1014 3263 add.
1039 3210 1094 3280 op]
1118 3209 1154 3264 de

136 3281 234 3351 lingua
252 3281 354 3335 Latina
373 3282 410 3335 ad
428 3281 593 3335 Marcellum
612 3282 652 3335 sic
670 3281 753 3335 dicit:
778 3298 801 3334 at
814 3295 836 3334 in
851 3298 975 3335 extremum
990 3313 1016 3320 -
1029 3296 1053 3334 m
1068 3295 1154 3335 Puteo.

135 3354 228 3408 Diam.
244 3371 273 3422 p.
290 3357 352 3418 515,
368 3357 384 3405 3
404 3353 599 3421 septenarium·
607 3368 717 3406 versum
730 3352 819 3406 Varro
834 3352 894 3404 fieri
909 3351 979 3405 dicit
993 3352 1046 3406 hoc
1060 3352 1154 3419 modo,

136 3441 199 3477 cum
214 3425 251 3477 ad
265 3423 418 3477 iambicum
435 3424 599 3492 trisyllabus
618 3441 668 3492 pes
687 3424 803 3477 additur
821 3425 851 3476 et
868 3423 901 3475 fit
919 3423 990 3477 tale:
1011 3423 1092 3490 ‘quid
1111 3423 1154 3475 in-

132 3495 307 3548 merentibus
333 3510 424 3560 noces,
453 3494 522 3563 quid
547 3495 656 3548 invides
682 3495 813 3548 amicis?'
843 3493 944 3547 similis
967 3494 998 3546 in
1021 3494 1154 3549 Terentio

121 3577 219 3615 aereae
237 3567 283 3617 est
296 3567 366 3636 [bec.
389 3567 472 3639 349];
499 3568 576 3623 ‘nam
596 3566 621 3623 si
640 3567 788 3622 remittent
807 3565 955 3635 quippiam
969 3565 1154 3619 Philumenae
