2422 3840
130 209 196 273 310
279 207 487 262 Grammaticos
505 207 609 263 aetatis
627 173 818 262 Varronianae
837 207 997 277 fragmenta

129 379 257 438 iambico
289 380 384 437 metro
416 378 641 453 praeponuntur
670 378 700 435 et
726 375 761 434 fit
790 392 893 435 versus
923 376 1009 435 talis:
1044 369 1148 451 ‘pater

129 485 212 526 mens
235 467 336 526 dicens
360 467 490 526 docendo
515 466 567 541 qui
590 464 675 524 docet
698 465 771 524 dicit
794 459 922 524 docens'.

201 567 295 621 Diem.
310 583 340 635 p.
356 569 418 632 515,
432 570 451 619 9
469 579 638 620 octonarius-
652 579 739 619 docens.

202 679 217 726 2
236 688 352 742 proper,
444 677 459 726 3
479 671 574 726 dicens
593 689 641 726 em.
661 688 695 726 ecc
713 671 815 725 doeens
834 671 910 726 codd.

555 844 623 902 292
646 834 717 920 [76]

196 944 276 1027 <ex>
293 948 421 1007 iambico
445 968 555 1007 novum
574 967 693 1008 carmen
710 949 803 1006 refert
818 949 923 1021 Varro,
947 947 1030 1007 cuius
1050 966 1148 1006 exem-

130 1040 213 1115 plum
237 1040 283 1098 est
304 1039 378 1097 tale:
406 1033 522 1114 ‘pedem
545 1037 777 1113 rhythmumque
800 1031 886 1094 finit'.
933 1037 959 1095 si
983 1036 1075 1095 addas
1098 1037 1148 1095 hic

130 1146 206 1204 quae
230 1127 365 1186 detracta
388 1130 458 1186 sunt
480 1146 515 1185 ex
537 1126 673 1202 iambico,
698 1126 823 1185 eundem
845 1125 1003 1184 iambicum
1028 1125 1147 1202 supple-

129 1218 175 1275 bis
199 1217 254 1276 sic:
285 1211 401 1292 ‘pedem
428 1216 660 1292 rhythmumque
682 1216 750 1274 finit
773 1216 836 1274 alta
858 1208 1000 1273 navium’.
1046 1217 1149 1292 potest

103 1307 186 1366 shoc
209 1325 324 1365 comma
351 1305 412 1364 tale
436 1323 499 1364 esse
522 1305 610 1380 quale
633 1305 709 1363 illud
738 1298 817 1382 [Ter.
840 1305 897 1362 bec.
918 1297 997 1382 349]
1027 1299 1147 1362 ‘Philu-

129 1414 234 1454 menae
257 1389 394 1467 dolores'‚
418 1395 497 1470 quod
521 1397 565 1453 est
588 1413 623 1452 ex
646 1394 773 1452 iambico
797 1395 974 1468 septenario.

202 1495 293 1548 Diom.
309 1510 340 1562 p.
360 1497 424 1559 518,
439 1497 473 1547 14
492 1492 564 1566 (ex)
578 1507 676 1548 iambico
689 1525 716 1532 -
729 1507 861 1555 septenario.

203 1605 270 1652 lex
284 1618 334 1655 om.
349 1599 426 1655 codd.
476 1598 678 1654 iambionicum
693 1601 857 1655 Lachmann
929 1598 1038 1667 ophyl.
1054 1599 1146 1653 Paris.

131 1674 203 1726 7493
223 1673 335 1727 Monac.

556 1806 623 1863 293
647 1798 718 1884 [77]

196 1910 420 1971 Archilochium
442 1911 538 1970 Varro
574 1911 650 1968 illud
682 1911 756 1970 dicit
794 1898 873 1986 quod
905 1912 950 1969 est
980 1911 1057 1969 tale:
1095 1904 1147 1968 ‘ex

129 2000 267 2059 litoribus
289 2003 483 2077 properantes
506 2000 632 2061 navibus
655 1993 817 2059 recedunt’.

202 2100 294 2155 Diom.
313 2118 339 2169 p.
355 2103 416 2166 515,
432 2104 466 2154 19
487 2111 656 2154 Archilochium
670 2131 697 2139 -
710 2113 824 2153 recedunt.

526 2268 621 2328 *294
645 2261 748 2348 [deest]

197 2377 363 2434 structurae
374 2375 535 2452 qualitates
545 2375 637 2434 variis
651 2374 803 2434 vocabulis
813 2373 980 2432 traduntur.
1013 2375 1145 2433 statuen-

131 2464 202 2523 dum
225 2483 341 2540 quoque
365 2468 410 2524 est
433 2484 492 2541 quo
515 2482 663 2541 quamque
687 2482 789 2522 earum
811 2465 929 2521 nomine
954 2463 1144 2538 appellemus.

130 2556 156 2612 si
183 2554 384 2629 paenultimus
414 2555 505 2613 fuerit
534 2553 716 2630 pyrrichius,
749 2555 860 2628 optime
891 2551 1021 2612 succedit
1049 2571 1145 2627 paeon

129 2642 252 2718 primuS,
279 2647 310 2702 et
332 2645 389 2702 erit
412 2645 562 2702 structura
587 2641 746 2719 quadrata3
776 2644 802 2700 si
825 2642 1026 2717 paenultimus
1054 2641 1146 2699 fuerit

104 2731 278 2807 espondeus
311 2736 341 2792 et
373 2734 546 2792 successerit
581 2731 750 2807 tribrachys
786 2732 834 2789 vel
870 2731 1052 2806 pyrrichius,
1090 2730 1147 2788 erit

130 2822 281 2880 structura
303 2822 412 2895 incisa3
435 2823 461 2880 si
484 2821 684 2897 paenultimus
708 2821 799 2879 fuerit
820 2820 988 2895 tribrachys
1007 2820 1055 2877 vel
1076 2839 1145 2895 pyr·

130 2910 241 2969 richius
265 2913 294 2969 et
316 2929 444 2987 paeones
468 2911 662 2970 successerint
683 2912 796 2987 primus
821 2911 851 2966 et
873 2909 1061 2982 novissimus,
1090 2911 1146 2967 erit

132 3001 256 3074 antiqua
284 3001 443 3073 structura,
470 3019 547 3075 quae
575 3001 686 3058 dicitur
713 2998 897 3076 confragosa,
925 3017 984 3072 qua
1007 3016 1078 3057 usus
1102 3001 1146 3056 est

131 3087 219 3162 Cat03
247 3091 273 3147 si
296 3089 328 3147 in
350 3090 534 3165 paenultimo
558 3089 725 3163 tribrachys
753 3088 843 3145 fuerit
866 3087 914 3146 vel
937 3087 1074 3161 dactylus
1098 3087 1146 3145 vel

91 3197 117 3237 io
130 3177 298 3254 pyrrichius
329 3180 359 3237 et
386 3178 561 3237 successerit
587 3178 636 3236 vel
664 3177 831 3252 tribrachys
855 3176 902 3235 vel
929 3176 1074 3235 molossus
1098 3175 1145 3235 vel

130 3266 298 3342 pyrrichius
322 3269 370 3326 vel
393 3271 581 3343 anapaestus,
610 3268 666 3326 erit
690 3269 839 3326 structura
864 3284 939 3340 quae
962 3265 1010 3324 vel
1034 3264 1146 3324 delum·

131 3356 177 3414 bis
195 3355 243 3414 vel
266 3357 345 3414 fluxa
365 3357 412 3415 vel
434 3355 533 3416 mollis
555 3356 673 3430 dicitur,
697 3374 757 3430 qua
775 3373 846 3414 usus
870 3354 979 3412 dicitur
996 3353 1146 3413 Antonius

130 3463 233 3503 ma10r.

187 3543 286 3599 Brona
300 3562 333 3616 p.
350 3548 414 3614 471,
430 3549 467 3601 31
485 3563 611 3602 semesum
624 3576 652 3584 -
666 3555 779 3599 anuum
789 3557 869 3596 muci.
894 3542 929 3607 cs.
946 3542 986 3595 id.
1000 3559 1027 3608 p.
1041 3546 1106 3607 468,
1122 3547 1145 3597 1.

100 3611 182 3668 Mar.
208 3617 286 3674 Pht.
311 3618 377 3676 Suc.
391 3637 424 3696 p.
442 3624 509 3694 492,
524 3624 574 3679 27.
612 3617 713 3690 Ralla.
731 3633 759 3690 p.
775 3618 842 3684 567,
855 3617 939 3684 30sq.
969 3613 1071 3681 froco.
1086 3613 1158 3667 hob.
