2422 3840
122 139 212 194 XXVI
527 140 729 210 Prolegomena

122 307 187 379 υίὸς
211 306 379 385 Νηλεύς,’
364 307 440 386 ανὴρ
468 308 517 369 καὶ
538 301 793 386 Ἀριστοτέλους’
777 307 961 388 ηκροαμένος
988 310 1037 371 καὶ
1063 313 1135 372 Θεο-

123 396 267 504 φράστου,
287 388 508 508 διριδεδεγμένος
523 393 602 456 δέ
573 420 627 474 την
643 398 844 476 βιβλιοθήκην
862 407 914 459 τοῦ
931 400 1133 478 Θεοφράστου,

97 484 156 544 δέν
179 510 198 570 η
222 477 260 564 ήν
284 484 333 546 καὶ
356 483 374 564 ή
399 495 451 546 τοῦ
474 481 699 566 Ἀριστοτέλους·
726 484 740 547 δ
764 494 838 566 γοῦν
860 481 1109 567 Ἀριστοτέλης
1080 513 1134 567 την

123 573 229 635 ἑαυτοῦ
265 575 442 681 Θεοφράστῳ
475 573 718 652 παρέδωκεν-π
756 574 942 655 Θεόφραστος
976 575 1007 637 δὲ
1041 581 1140 655 Νηλεῖ

122 662 303 740 παρέδωκεν
329 657 398 723 ὅδ’
421 665 463 738 εἰς
482 670 606 741 Σκῆψιν
625 666 748 740 κομίσας
767 670 827 737 τοῖς
846 659 908 743 μετ’
934 666 1024 727 αὐτὸν
1047 665 1135 745 παρέ-

123 752 231 828 δωκεν,
256 752 385 825 ἰδιώταις
408 751 644 833 ἀνθρώποις,οοῖ
665 754 853 813 κατάκλειστα
875 749 1006 865 εἶχογ
978 779 1011 814 τα
1035 757 1135 835 βιβλίοι

124 834 189 902 οὐδ’
224 840 365 920 ἐπιμελῶς
397 843 527 920 κείμενα
561 840 660 919 ἐπειδή
690 839 721 902 δέ
751 839 883 920 ήσθοντο
913 843 967 921 τήν
999 844 1135 922 σπουδήν

84 942 109 980 10
123 953 182 990 των
207 924 381 990 Ἀτταλικῶν
409 929 552 1009 βασιλέων
580 930 623 1008 ύφ
627 925 709 1004 ὀίς
737 955 776 1010 ην
803 928 821 1010 ή
846 931 944 1011 πόλις,
968 933 1134 1010 ζητούντων

124 1020 223 1098 βιβλία
251 1042 292 1091 εις
319 1019 374 1097 τήν
401 1019 585 1097 κατασκευήν
612 1029 664 1098 τής
691 1020 724 1080 έν
752 1021 897 1106 Περγάμῳ
927 1022 1135 1100 βιβλιοθήκης,

124 1107 197 1167 κοιτά
220 1117 275 1188 γής
300 1106 435 1189 ἔκρυψαν
458 1109 490 1170 ἕν
514 1110 638 1189 διώρυγά
658 1127 727 1168 τινι·
752 1108 810 1170 ὑπὸ
835 1107 866 1170 δέ
890 1111 989 1183 νοτίας
1011 1110 1061 1170 καὶ
1084 1129 1134 1187 ση-

124 1206 182 1257 τῶυ
218 1197 391 1258 κακωθέντα
425 1195 481 1275 ὀψέ
511 1221 580 1259 ποτε
613 1197 756 1259 ἀπέδοντο
790 1197 865 1259 ol
851 1198 909 1259 απὸ
941 1209 994 1260 τοῦ
1032 1197 1137 1278 γένους

121 1278 325 1346 Ἀπελλικῶντι
347 1292 386 1370 τῷ
408 1288 487 1373 Τηίῳ
511 1285 666 1348 πολλῶν’
651 1288 800 1404 αργυρίων
823 1288 857 1346 τά
876 1310 904 1347 τε
921 1281 1135 1366 Ἀριστοτέλους

85 1385 110 1424 15
124 1373 174 1436 καὶ
196 1374 230 1434 τά
253 1385 305 1435 τοῦ
332 1349 523 1454 Θεοφράστου
547 1377 658 1455 βιβλία·
628 1368 726 1454 αήν
755 1374 824 1436 δέ
811 1400 826 1437 ο
848 1368 1022 1437 Ἀπελλικῶν
1050 1377 1135 1454 φιλό-

123 1466 225 1542 βιβλος
253 1468 362 1541 μᾶλλον
390 1462 409 1543 ἢ
438 1465 614 1542 φιλόσοφος
646 1464 692 1525 διὸ
720 1464 769 1524 καί
801 1467 894 1543 ζητῶν
927 1464 1136 1543 ἐπανόρθωσιν

123 1562 182 1612 τῶν
206 1553 468 1633 διαβρωμάτων’
441 1577 483 1626 εις
506 1552 672 1634 ἀντίγραφα
694 1553 782 1613 καινά
807 1553 960 1633 μετήνεγκε
988 1553 1043 1632 τήν
1065 1579 1136 1635 γρα-

124 1642 188 1719 φήν
212 1639 389 1721 ἀναπληρῶν
414 1642 469 1703 οὐκ
492 1635 534 1718 εὖ,
560 1641 609 1702 καί
628 1641 767 1715 ἐξέδωκεν
786 1641 962 1725 ἁμαρτάδων
985 1643 1082 1722 πλήρη
1102 1643 1136 1704 τὰ

124 1731 231 1810 βιβλία.
255 1764 299 1773 -
326 1732 402 1793 πολὺ
435 1729 466 1792 δὲ
498 1732 540 1804 εἰς
571 1741 657 1792 τοῦτο
685 1730 734 1791 καί
760 1728 779 1810 ή
803 1729 897 1810 Ῥώμη
929 1733 1136 1812 προσελάβετο·

85 1831 110 1870 2⁰
125 1820 218 1892 εὐθὺς
254 1819 309 1901 γάρ
351 1819 421 1898 μετὰ
462 1820 517 1898 τήν
555 1814 780 1894 Ἀπελλικῶντος
821 1820 956 1899 τελευτήν
996 1821 1137 1894 Σύλλας

123 1902 176 1988 ήρε
207 1908 262 1987 τήν
290 1904 516 1982 Ἀπελλικῶντος
543 1910 743 1990 βιβλιοθήκην
777 1907 792 1970 δ
825 1908 876 1982 τάς
900 1904 1031 1987 Ἀθήνας
1063 1908 1137 1970 ἑλών

124 1993 167 2078 [α.
189 1993 339 2080 668β86],
364 1999 451 2078 δεῦρο
480 1996 511 2059 δέ
539 2005 733 2066 κομισθεῖσαν
753 1999 928 2079 Τυραννίων
951 2021 980 2058 τε
1004 1996 1019 2058 ὁ
1043 2023 1132 2078 γραμ-

125 2086 244 2164 ματικὸς
281 2087 467 2166 διεχειρίσατο
505 2085 743 2165 φιλαριστοτέλης
776 2087 832 2164 dlv,
864 2089 1050 2166 θεραπεύσας
1084 2088 1136 2148 τὸν

125 2173 173 2236 ἐπὶ
195 2185 248 2253 τής
272 2177 479 2254 βιβλιοθήκης,
503 2175 552 2235 καὶ
575 2177 769 2255 βιβλιοπώλαί
790 2199 866 2249 τινες
888 2187 1035 2256 γραφεῦσι
1058 2177 1137 2253 φαύ-

85 2275 110 2315 26
125 2268 186 2337 λοις
216 2265 359 2344 χρώμενοι
388 2263 437 2325 καὶ
467 2264 523 2325 ούκ
552 2263 790 2344 ἀντιβάλλοντες,
820 2265 889 2343 ὅπερ
919 2262 969 2324 καὶ
999 2263 1046 2324 ἐπὶ
1076 2275 1136 2326 τῶν

124 2351 219 2412 ἀλλων
247 2355 402 2432 συμβαίνει
429 2363 488 2414 τῶν
516 2353 558 2426 εἰς
586 2363 694 2434 πρᾶσιν
720 2351 917 2434 γραφομένων
939 2354 1062 2433 βιβλίων
1086 2354 1136 2415 καὶ

124 2440 233 2502 ἐνθάδε
256 2441 306 2502 καὶ
329 2442 361 2502 ἐν
382 2436 590 2526 Ἀλεξανδρείᾳ.
637 2445 713 2503 Ρλιιί.
737 2443 822 2502 Sulla
840 2445 884 2502 26
907 2440 1055 2514 ἐξεῖλεν
1041 2449 1136 2527 εαυτῷ

124 2530 178 2608 τήν
200 2524 410 2604 Ἀπελλικῶνος
432 2541 484 2592 τοῦ
510 2533 603 2608 Τηίου
627 2533 839 2611 βιβλιοθηκην,
862 2518 935 2591 έν
883 2556 936 2642 η
960 2530 994 2590 τά
1017 2537 1137 2592 πλειστα

124 2630 183 2680 τῶν
202 2615 417 2699 Ἀριστοτέλους
439 2644 489 2680 και
515 2622 761 2702 Θεοφράστουι
730 2613 896 2700 βιβλίων
878 2644 929 2698 ην,
961 2617 1044 2680 ούπω
1074 2621 1138 2681 τότε

84 2720 110 2758 3⁰
124 2718 227 2785 σαφῶς
255 2709 454 2789 γνωριζόμενα
483 2733 544 2781 τοις
573 2714 699 2780 πολλοις
746 2708 854 2790 λέγεται
879 2706 910 2769 δὲ
942 2711 1137 2788 κομισθείσης

16 2834 18 2839 -
125 2798 214 2876 αύτής
239 2800 279 2870 εἰς
294 2795 408 2877 Ῥώμην
429 2800 623 2877 Τυραννίωνα
645 2799 697 2859 τὸν
725 2798 928 2877 γραμματικὸν
960 2796 1137 2859 ἐνσκευάσα-

125 2893 197 2946 σθαι
211 2886 246 2946 τά
259 2885 351 2946 πολλὰ
370 2885 419 2947 καὶ
438 2882 507 2965 παρ’
529 2887 620 2947 αὐτοῦ
639 2887 690 2948 τὸν
705 2883 822 2946 Ῥόδιον
837 2884 1028 2965 Ἀνδρόνικον
1047 2886 1136 2948 εύπο-

125 2976 255 3055 ρήσαντα
282 2986 340 3036 τῶν
368 2975 557 3057 ἀντιγράφων
581 2976 622 3047 είς
651 2975 740 3053 μέσον
768 2981 869 3037 θεῖναι
892 2974 941 3034 καὶ
964 2973 1136 3055 ἀναγράψαι

123 3064 193 3135 τοὺς
215 3073 273 3123 νῦν
296 3064 477 3143 φερομένους
499 3066 626 3136 πίνακας
650 3071 697 3124 etc.
734 3066 826 3121 eadem
844 3069 899 3134 fere
918 3066 1005 3120 tradit
1023 3068 1137 3120 Plutar-

84 3165 109 3206 τε
123 3148 171 3201 cho
190 3153 299 3201 auctore
317 3149 401 3202 allato
416 3146 518 3201 βυιάοε
536 3164 556 3200 ε.
572 3164 595 3200 υ.
611 3146 726 3207 Σύλλας.
759 3164 783 3200 ν.
799 3153 832 3199 23
847 3147 896 3200 τὸν
911 3145 957 3199 ἐπὶ
970 3153 1019 3214 τῆς
1033 3147 1138 3216 βιβλιο-

123 3216 216 3286 θήκης
231 3219 372 3273 Cornelius
386 3218 532 3287 Epicadus
551 3235 603 3272 esse
617 3219 723 3273 νλάολιιι·
741 3218 894 3273 Ηιλλεολιινο
909 3220 945 3286 (p.
956 3222 1010 3272 363
1025 3219 1089 3271 αάκ.
1099 3221 1137 3286 8).

192 3355 220 3409 4.
246 3351 303 3410 Cic.
323 3353 358 3410 de
376 3353 427 3423 βκ.
444 3354 473 3418 3,
489 3353 509 3408 7
533 3351 563 3407 in
583 3351 751 3410 Tusculano
772 3369 840 3408 eum
859 3370 952 3409 essem
970 3351 1137 3425 vellemque

125 3440 342 3500 ebibliotheca
369 3440 454 3515 pueri
481 3438 626 3498 Luculli
656 3440 833 3515 quibusdam
863 3440 947 3497 libris
978 3441 1037 3512 uti,
1068 3441 1138 3498 veni

124 3529 155 3587 in
179 3529 241 3587 eius
263 3529 376 3605 villam,
400 3532 435 3587 ut
454 3547 502 3587 eos
521 3530 594 3604 ipse,
618 3532 652 3587 ut
671 3529 809 3603 solebam,
834 3529 1043 3603 depromerem.
1076 3548 1137 3603 quo
