<?xml version="1.0" encoding="UTF-8"?>
<!DOCTYPE html PUBLIC "-//W3C//DTD XHTML 1.0 Transitional//EN"
    "http://www.w3.org/TR/xhtml1/DTD/xhtml1-transitional.dtd">
<html xmlns="http://www.w3.org/1999/xhtml" xml:lang="en" lang="en">
 <head>
  <title>
</title>
<meta http-equiv="Content-Type" content="text/html;charset=utf-8" />
  <meta name='ocr-system' content='tesseract 3.04.00' />
  <meta name='ocr-capabilities' content='ocr_page ocr_carea ocr_par ocr_line ocrx_word'/>
</head>
<body>
  <div class='ocr_page' id='page_1' title='image "./grammaticaeroma01funagoog_0432.png"; bbox 0 0 2422 3840; ppageno 0'>
   <div class='ocr_carea' id='block_1_1' title="bbox 378 157 1123 263">
    <p class='ocr_par' dir='ltr' id='par_1_1' title="bbox 378 157 1123 263">
     <span class='ocr_line' id='line_1_1' title="bbox 378 157 1123 263; baseline 0.02 -19"><span class='ocrx_word' id='word_1_1' title='bbox 378 215 390 248; x_wconf 69' lang='grc' dir='ltr'><em>ῃ</em></span> <span class='ocrx_word' id='word_1_2' title='bbox 471 193 508 247; x_wconf 87' lang='grc' dir='ltr'><strong>Μ,</strong></span> <span class='ocrx_word' id='word_1_3' title='bbox 528 193 637 248; x_wconf 82' lang='lat' dir='ltr'><strong>Tullius</strong></span> <span class='ocrx_word' id='word_1_4' title='bbox 656 194 721 249; x_wconf 88' lang='lat' dir='ltr'><strong>Tiro</strong></span> <span class='ocrx_word' id='word_1_5' title='bbox 1040 195 1103 263; x_wconf 75' lang='lat'><strong>397</strong></span> <span class='ocrx_word' id='word_1_6' title='bbox 1121 157 1123 164; x_wconf 33' lang='grc' dir='ltr'>Ι</span> 
     </span>
    </p>
   </div>
   <div class='ocr_carea' id='block_1_2' title="bbox 86 363 1180 3662">
    <p class='ocr_par' dir='ltr' id='par_1_2' title="bbox 89 363 1180 3648">
     <span class='ocr_line' id='line_1_2' title="bbox 91 363 1105 440; baseline -0.001 -18"><span class='ocrx_word' id='word_1_7' title='bbox 91 366 172 440; x_wconf 90' lang='lat' dir='ltr'><strong>quis</strong></span> <span class='ocrx_word' id='word_1_8' title='bbox 202 364 376 422; x_wconf 81' lang='lat' dir='ltr'><strong>advorsus</strong></span> <span class='ocrx_word' id='word_1_9' title='bbox 406 382 477 421; x_wconf 87' lang='lat' dir='ltr'><strong>rem</strong></span> <span class='ocrx_word' id='word_1_10' title='bbox 515 380 614 421; x_wconf 90' lang='lat' dir='ltr'><strong>suam</strong></span> <span class='ocrx_word' id='word_1_11' title='bbox 650 364 735 438; x_wconf 93' lang='lat' dir='ltr'><strong>quid</strong></span> <span class='ocrx_word' id='word_1_12' title='bbox 771 364 856 423; x_wconf 89' lang='lat' dir='ltr'><strong>fieri</strong></span> <span class='ocrx_word' id='word_1_13' title='bbox 894 363 1105 438; x_wconf 72' lang='lat' dir='ltr'><strong>arbitratur,</strong></span> 
     </span>
     <span class='ocr_line' id='line_1_3' title="bbox 90 452 1105 528; baseline -0.001 -17"><span class='ocrx_word' id='word_1_14' title='bbox 90 471 225 512; x_wconf 91' lang='lat' dir='ltr'><strong>summa</strong></span> <span class='ocrx_word' id='word_1_15' title='bbox 252 452 288 508; x_wconf 84' lang='lat' dir='ltr'><strong>vi</strong></span> <span class='ocrx_word' id='word_1_16' title='bbox 315 455 441 510; x_wconf 87' lang='lat' dir='ltr'><strong>contra</strong></span> <span class='ocrx_word' id='word_1_17' title='bbox 470 453 616 527; x_wconf 89' lang='lat' dir='ltr'><strong>nititur,</strong></span> <span class='ocrx_word' id='word_1_18' title='bbox 649 473 690 511; x_wconf 89' lang='lat' dir='ltr'><strong>no</strong></span> <span class='ocrx_word' id='word_1_19' title='bbox 719 452 892 511; x_wconf 78' lang='lat' dir='ltr'><strong>advorsus</strong></span> <span class='ocrx_word' id='word_1_20' title='bbox 915 473 996 514; x_wconf 85' lang='lat' dir='ltr'><strong>¹eam</strong></span> <span class='ocrx_word' id='word_1_21' title='bbox 1022 455 1105 528; x_wconf 84' lang='lat' dir='ltr'><strong>fiat,</strong></span> 
     </span>
     <span class='ocr_line' id='line_1_4' title="bbox 91 534 1106 617; baseline 0.001 -18"><span class='ocrx_word' id='word_1_22' title='bbox 91 541 183 617; x_wconf 92' lang='lat' dir='ltr'><strong>quod</strong></span> <span class='ocrx_word' id='word_1_23' title='bbox 216 541 275 600; x_wconf 92' lang='lat' dir='ltr'><strong>illi</strong></span> <span class='ocrx_word' id='word_1_24' title='bbox 308 544 426 599; x_wconf 88' lang='lat' dir='ltr'><strong>tamen</strong></span> <span class='ocrx_word' id='word_1_25' title='bbox 452 534 813 616; x_wconf 87' lang='lat' dir='ltr'><strong>perpessi&#39;.—postea</strong></span> <span class='ocrx_word' id='word_1_26' title='bbox 845 542 935 601; x_wconf 85' lang='lat' dir='ltr'><strong>verba</strong></span> <span class='ocrx_word' id='word_1_27' title='bbox 967 543 1039 600; x_wconf 91' lang='lat' dir='ltr'><strong>haec</strong></span> <span class='ocrx_word' id='word_1_28' title='bbox 1071 561 1106 600; x_wconf 83' lang='lat' dir='ltr'><strong>ex</strong></span> 
     </span>
     <span class='ocr_line' id='line_1_5' title="bbox 91 623 1145 709; baseline -0.001 -20"><span class='ocrx_word' id='word_1_29' title='bbox 91 631 195 689; x_wconf 89' lang='lat' dir='ltr'><strong>eadem</strong></span> <span class='ocrx_word' id='word_1_30' title='bbox 223 632 357 688; x_wconf 91' lang='lat' dir='ltr'><strong>oratione</strong></span> <span class='ocrx_word' id='word_1_31' title='bbox 387 631 473 705; x_wconf 87' lang='lat' dir='ltr'><strong>ponit</strong></span> <span class='ocrx_word' id='word_1_32' title='bbox 506 623 665 709; x_wconf 86' lang='lat' dir='ltr'><strong>[V3J.]:</strong></span> <span class='ocrx_word' id='word_1_33' title='bbox 703 625 758 689; x_wconf 69' lang='lat' dir='ltr'><strong>‘ea</strong></span> <span class='ocrx_word' id='word_1_34' title='bbox 789 650 881 688; x_wconf 92' lang='lat' dir='ltr'><strong>nunc</strong></span> <span class='ocrx_word' id='word_1_35' title='bbox 913 631 1105 705; x_wconf 88' lang='lat' dir='ltr'><strong>derepente</strong></span> <span class='ocrx_word' id='word_1_36' title='bbox 1120 641 1145 682; x_wconf 76' lang='lat'><strong>5⁵</strong></span> 
     </span>
     <span class='ocr_line' id='line_1_6' title="bbox 90 719 1106 794; baseline 0.003 -17"><span class='ocrx_word' id='word_1_37' title='bbox 90 722 196 782; x_wconf 88' lang='lat' dir='ltr'><strong>tanta</strong></span> <span class='ocrx_word' id='word_1_38' title='bbox 218 719 401 778; x_wconf 85' lang='lat' dir='ltr'><strong>beneficia</strong></span> <span class='ocrx_word' id='word_1_39' title='bbox 419 720 515 777; x_wconf 89' lang='lat' dir='ltr'><strong>ultro</strong></span> <span class='ocrx_word' id='word_1_40' title='bbox 540 722 719 794; x_wconf 87' lang='lat' dir='ltr'><strong>citroque,</strong></span> <span class='ocrx_word' id='word_1_41' title='bbox 744 723 883 778; x_wconf 85' lang='lat' dir='ltr'><strong>tentam</strong></span> <span class='ocrx_word' id='word_1_42' title='bbox 907 722 1106 780; x_wconf 82' lang='lat' dir='ltr'><strong>amicitiam</strong></span> 
     </span>
     <span class='ocr_line' id='line_1_7' title="bbox 91 806 1105 883; baseline 0 -17"><span class='ocrx_word' id='word_1_43' title='bbox 91 806 360 883; x_wconf 73' lang='lat' dir='ltr'><strong>relinquemus?</strong></span> <span class='ocrx_word' id='word_1_44' title='bbox 398 809 494 883; x_wconf 82' lang='lat' dir='ltr'><strong>quod</strong></span> <span class='ocrx_word' id='word_1_45' title='bbox 513 809 599 867; x_wconf 93' lang='lat' dir='ltr'><strong>illos</strong></span> <span class='ocrx_word' id='word_1_46' title='bbox 623 809 774 871; x_wconf 82' lang='lat' dir='ltr'><strong>dicimus</strong></span> <span class='ocrx_word' id='word_1_47' title='bbox 795 810 949 868; x_wconf 88' lang='lat' dir='ltr'><strong>voluisse</strong></span> <span class='ocrx_word' id='word_1_48' title='bbox 972 811 1105 882; x_wconf 86' lang='lat' dir='ltr'><strong>facere,</strong></span> 
     </span>
     <span class='ocr_line' id='line_1_8' title="bbox 90 893 1125 972; baseline -0.002 -16"><span class='ocrx_word' id='word_1_49' title='bbox 90 897 128 956; x_wconf 93' lang='lat' dir='ltr'><strong>id</strong></span> <span class='ocrx_word' id='word_1_50' title='bbox 157 916 219 957; x_wconf 91' lang='lat' dir='ltr'><strong>nos</strong></span> <span class='ocrx_word' id='word_1_51' title='bbox 249 899 391 972; x_wconf 83' lang='lat' dir='ltr'><strong>priores</strong></span> <span class='ocrx_word' id='word_1_52' title='bbox 421 899 540 960; x_wconf 88' lang='lat' dir='ltr'><strong>facere</strong></span> <span class='ocrx_word' id='word_1_53' title='bbox 571 893 863 972; x_wconf 70' lang='lat' dir='ltr'><strong>occupabimusl&#39;</strong></span> <span class='ocrx_word' id='word_1_54' title='bbox 909 899 974 957; x_wconf 90' lang='lat' dir='ltr'><strong>hoc</strong></span> <span class='ocrx_word' id='word_1_55' title='bbox 1006 899 1125 972; x_wconf 90' lang='lat' dir='ltr'><strong>inquit-</strong></span> 
     </span>
     <span class='ocr_line' id='line_1_9' title="bbox 92 987 1106 1068; baseline -0.001 -24"><span class='ocrx_word' id='word_1_56' title='bbox 92 987 317 1063; x_wconf 82' lang='lat' dir='ltr'><strong>enthymema</strong></span> <span class='ocrx_word' id='word_1_57' title='bbox 346 1005 496 1068; x_wconf 83' lang='lat' dir='ltr'><strong>nequam</strong></span> <span class='ocrx_word' id='word_1_58' title='bbox 526 990 561 1046; x_wconf 90' lang='lat' dir='ltr'><strong>et</strong></span> <span class='ocrx_word' id='word_1_59' title='bbox 590 989 762 1050; x_wconf 86' lang='lat' dir='ltr'><strong>vitiosum</strong></span> <span class='ocrx_word' id='word_1_60' title='bbox 792 990 860 1061; x_wconf 85' lang='lat' dir='ltr'><strong>est3</strong></span> <span class='ocrx_word' id='word_1_61' title='bbox 894 987 1106 1062; x_wconf 88' lang='lat' dir='ltr'><strong>responderi</strong></span> 
     </span>
     <span class='ocr_line' id='line_1_10' title="bbox 91 1076 1147 1151; baseline -0.006 -17"><span class='ocrx_word' id='word_1_62' title='bbox 91 1077 184 1134; x_wconf 89' lang='lat' dir='ltr'><strong>enim</strong></span> <span class='ocrx_word' id='word_1_63' title='bbox 202 1077 339 1150; x_wconf 88' lang='lat' dir='ltr'><strong>potuit:</strong></span> <span class='ocrx_word' id='word_1_64' title='bbox 363 1076 616 1151; x_wconf 90' lang='lat' dir='ltr'><strong>occupabimus</strong></span> <span class='ocrx_word' id='word_1_65' title='bbox 637 1078 744 1150; x_wconf 90' lang='lat' dir='ltr'><strong>certe,</strong></span> <span class='ocrx_word' id='word_1_66' title='bbox 768 1095 847 1134; x_wconf 91' lang='lat' dir='ltr'><strong>nam</strong></span> <span class='ocrx_word' id='word_1_67' title='bbox 867 1078 897 1134; x_wconf 93' lang='lat' dir='ltr'><strong>si</strong></span> <span class='ocrx_word' id='word_1_68' title='bbox 915 1095 984 1134; x_wconf 90' lang='lat' dir='ltr'><strong>non</strong></span> <span class='ocrx_word' id='word_1_69' title='bbox 1003 1094 1104 1135; x_wconf 90' lang='lat' dir='ltr'><strong>occu·</strong></span> <span class='ocrx_word' id='word_1_70' title='bbox 1120 1088 1147 1128; x_wconf 85' lang='lat' dir='ltr'><strong>so</strong></span> 
     </span>
     <span class='ocr_line' id='line_1_11' title="bbox 91 1165 1106 1240; baseline 0.003 -17"><span class='ocrx_word' id='word_1_71' title='bbox 91 1167 312 1240; x_wconf 79' lang='lat' dir='ltr'><strong>paverimus,</strong></span> <span class='ocrx_word' id='word_1_72' title='bbox 352 1167 593 1239; x_wconf 91' lang='lat' dir='ltr'><strong>opprimemur</strong></span> <span class='ocrx_word' id='word_1_73' title='bbox 629 1165 929 1240; x_wconf 76' lang='lat' dir='ltr'><strong>incidendumque</strong></span> <span class='ocrx_word' id='word_1_74' title='bbox 967 1166 1038 1223; x_wconf 89' lang='lat' dir='ltr'><strong>erit</strong></span> <span class='ocrx_word' id='word_1_75' title='bbox 1070 1167 1106 1226; x_wconf 87' lang='lat' dir='ltr'><strong>in</strong></span> 
     </span>
     <span class='ocr_line' id='line_1_12' title="bbox 91 1253 1105 1328; baseline -0.001 -17"><span class='ocrx_word' id='word_1_76' title='bbox 91 1253 259 1327; x_wconf 87' lang='lat' dir='ltr'><strong>insidias,</strong></span> <span class='ocrx_word' id='word_1_77' title='bbox 290 1273 306 1310; x_wconf 85' lang='lat' dir='ltr'><strong>a</strong></span> <span class='ocrx_word' id='word_1_78' title='bbox 331 1253 458 1327; x_wconf 90' lang='lat' dir='ltr'><strong>quibus</strong></span> <span class='ocrx_word' id='word_1_79' title='bbox 486 1256 660 1327; x_wconf 70' lang='lat' dir='ltr'><strong>antemon</strong></span> <span class='ocrx_word' id='word_1_80' title='bbox 683 1256 891 1318; x_wconf 75' lang='lat' dir='ltr'><strong>severimus,</strong></span> <span class='ocrx_word' id='word_1_81' title='bbox 937 1258 1105 1328; x_wconf 86' lang='lat' dir='ltr'><strong>recteque</strong></span> 
     </span>
     <span class='ocr_line' id='line_1_13' title="bbox 89 1337 1105 1421; baseline 0.001 -22"><span class='ocrx_word' id='word_1_82' title='bbox 89 1343 192 1420; x_wconf 88' lang='lat' dir='ltr'><strong>inquit</strong></span> <span class='ocrx_word' id='word_1_83' title='bbox 227 1343 291 1400; x_wconf 91' lang='lat' dir='ltr'><strong>hoc</strong></span> <span class='ocrx_word' id='word_1_84' title='bbox 323 1343 415 1399; x_wconf 83' lang='lat' dir='ltr'><strong>vitio</strong></span> <span class='ocrx_word' id='word_1_85' title='bbox 449 1343 510 1400; x_wconf 87' lang='lat' dir='ltr'><strong>dat</strong></span> <span class='ocrx_word' id='word_1_86' title='bbox 541 1342 704 1404; x_wconf 85' lang='lat' dir='ltr'><strong>Lucilius</strong></span> <span class='ocrx_word' id='word_1_87' title='bbox 739 1338 842 1421; x_wconf 84' lang='lat'><strong><em>[1169</em></strong></span> <span class='ocrx_word' id='word_1_88' title='bbox 860 1337 939 1421; x_wconf 76' lang='lat' dir='ltr'><strong>Mu]</strong></span> <span class='ocrx_word' id='word_1_89' title='bbox 977 1348 1105 1418; x_wconf 87' lang='lat' dir='ltr'><strong>poetae</strong></span> 
     </span>
     <span class='ocr_line' id='line_1_14' title="bbox 93 1431 1104 1508; baseline 0 -19"><span class='ocrx_word' id='word_1_90' title='bbox 93 1431 303 1508; x_wconf 77' lang='lat' dir='ltr'><strong>Euripidae,</strong></span> <span class='ocrx_word' id='word_1_91' title='bbox 334 1431 425 1506; x_wconf 88' lang='lat' dir='ltr'><strong>quod</strong></span> <span class='ocrx_word' id='word_1_92' title='bbox 454 1451 528 1490; x_wconf 89' lang='lat' dir='ltr'><strong>curn</strong></span> <span class='ocrx_word' id='word_1_93' title='bbox 552 1431 798 1507; x_wconf 71' lang='lat' dir='ltr'><strong>Polyphontes</strong></span> <span class='ocrx_word' id='word_1_94' title='bbox 826 1451 885 1492; x_wconf 83' lang='lat' dir='ltr'><strong>rex</strong></span> <span class='ocrx_word' id='word_1_95' title='bbox 913 1436 1104 1507; x_wconf 86' lang='lat' dir='ltr'><strong>propterea</strong></span> 
     </span>
     <span class='ocr_line' id='line_1_15' title="bbox 91 1520 1145 1596; baseline -0.009 -15"><span class='ocrx_word' id='word_1_96' title='bbox 91 1539 128 1581; x_wconf 82' lang='lat' dir='ltr'><strong>se</strong></span> <span class='ocrx_word' id='word_1_97' title='bbox 146 1521 377 1579; x_wconf 82' lang='lat' dir='ltr'><strong>interfecisse</strong></span> <span class='ocrx_word' id='word_1_98' title='bbox 401 1522 551 1578; x_wconf 82' lang='lat' dir='ltr'><strong>fratrem</strong></span> <span class='ocrx_word' id='word_1_99' title='bbox 574 1521 724 1595; x_wconf 89' lang='lat' dir='ltr'><strong>diceret,</strong></span> <span class='ocrx_word' id='word_1_100' title='bbox 749 1521 841 1596; x_wconf 91' lang='lat' dir='ltr'><strong>quod</strong></span> <span class='ocrx_word' id='word_1_101' title='bbox 864 1523 940 1595; x_wconf 90' lang='lat' dir='ltr'><strong>ipse</strong></span> <span class='ocrx_word' id='word_1_102' title='bbox 964 1524 1046 1579; x_wconf 89' lang='lat' dir='ltr'><strong>ante</strong></span> <span class='ocrx_word' id='word_1_103' title='bbox 1066 1520 1145 1583; x_wconf 80' lang='lat' dir='ltr'><strong>deos</strong></span> 
     </span>
     <span class='ocr_line' id='line_1_16' title="bbox 92 1609 1107 1684; baseline -0.001 -17"><span class='ocrx_word' id='word_1_104' title='bbox 92 1628 176 1667; x_wconf 88' lang='lat' dir='ltr'><strong>nece</strong></span> <span class='ocrx_word' id='word_1_105' title='bbox 195 1609 270 1667; x_wconf 90' lang='lat' dir='ltr'><strong>eius</strong></span> <span class='ocrx_word' id='word_1_106' title='bbox 294 1609 486 1669; x_wconf 89' lang='lat' dir='ltr'><strong>consilium</strong></span> <span class='ocrx_word' id='word_1_107' title='bbox 508 1609 676 1684; x_wconf 87' lang='lat' dir='ltr'><strong>cepisset,</strong></span> <span class='ocrx_word' id='word_1_108' title='bbox 700 1611 846 1684; x_wconf 88' lang='lat' dir='ltr'><strong>Meropa</strong></span> <span class='ocrx_word' id='word_1_109' title='bbox 869 1611 998 1668; x_wconf 85' lang='lat' dir='ltr'><strong>fratris</strong></span> <span class='ocrx_word' id='word_1_110' title='bbox 1019 1628 1107 1667; x_wconf 80' lang='lat' dir='ltr'><strong>uxor</strong></span> 
     </span>
     <span class='ocr_line' id='line_1_17' title="bbox 89 1691 1108 1776; baseline -0.001 -18"><span class='ocrx_word' id='word_1_111' title='bbox 89 1698 190 1758; x_wconf 90' lang='lat' dir='ltr'><strong>hisce</strong></span> <span class='ocrx_word' id='word_1_112' title='bbox 219 1694 342 1775; x_wconf 80' lang='lat' dir='ltr'><strong>ad&lt;eo&gt;</strong></span> <span class='ocrx_word' id='word_1_113' title='bbox 369 1718 445 1756; x_wconf 91' lang='lat' dir='ltr'><strong>eum</strong></span> <span class='ocrx_word' id='word_1_114' title='bbox 468 1698 587 1757; x_wconf 88' lang='lat' dir='ltr'><strong>verbis</strong></span> <span class='ocrx_word' id='word_1_115' title='bbox 617 1699 778 1758; x_wconf 80' lang='lat' dir='ltr'><strong>eluserit</strong></span> <span class='ocrx_word' id='word_1_116' title='bbox 800 1693 851 1776; x_wconf 65' lang='lat' dir='ltr'><strong>[fr.</strong></span> <span class='ocrx_word' id='word_1_117' title='bbox 872 1691 1045 1776; x_wconf 23' lang='lat' dir='ltr'><strong>451N.²]:,</strong></span> <span class='ocrx_word' id='word_1_118' title='bbox 1066 1693 1108 1757; x_wconf 73' lang='lat' dir='ltr'><strong>‘cs&#39;</strong></span> 
     </span>
     <span class='ocr_line' id='line_1_18' title="bbox 90 1779 1127 1867; baseline 0 -23"><span class='ocrx_word' id='word_1_119' title='bbox 90 1785 157 1867; x_wconf 72' lang='grc' dir='ltr'><strong>γάρ</strong></span> <span class='ocrx_word' id='word_1_120' title='bbox 181 1779 208 1844; x_wconf 88' lang='grc' dir='ltr'><strong>σ’</strong></span> <span class='ocrx_word' id='word_1_121' title='bbox 239 1785 395 1864; x_wconf 76' lang='grc' dir='ltr'><strong><em>ἔμελλεν,</em></strong></span> <span class='ocrx_word' id='word_1_122' title='bbox 424 1783 468 1856; x_wconf 81' lang='grc' dir='ltr'><strong>ὡς</strong></span> <span class='ocrx_word' id='word_1_123' title='bbox 491 1784 532 1845; x_wconf 81' lang='grc' dir='ltr'><strong>σὺ</strong></span> <span class='ocrx_word' id='word_1_124' title='bbox 561 1786 644 1864; x_wconf 82' lang='grc' dir='ltr'><em>φής,</em></span> <span class='ocrx_word' id='word_1_125' title='bbox 668 1787 822 1846; x_wconf 81' lang='grc' dir='ltr'><strong><em>κτείνειν</em></strong></span> <span class='ocrx_word' id='word_1_126' title='bbox 845 1785 964 1863; x_wconf 78' lang='grc' dir='ltr'><strong>πόσις,</strong></span> <span class='ocrx_word' id='word_1_127' title='bbox 985 1780 998 1865; x_wconf 75' lang='lat' dir='ltr'><em>s</em></span> <span class='ocrx_word' id='word_1_128' title='bbox 1018 1795 1127 1864; x_wconf 63' lang='grc' dir='ltr'><strong><em>χρῆν»</em></strong></span> 
     </span>
     <span class='ocr_line' id='line_1_19' title="bbox 92 1871 1106 1954; baseline -0.004 -17"><span class='ocrx_word' id='word_1_129' title='bbox 92 1873 152 1938; x_wconf 71' lang='grc' dir='ltr'><strong>καὶ</strong></span> <span class='ocrx_word' id='word_1_130' title='bbox 173 1871 208 1934; x_wconf 78' lang='grc' dir='ltr'><strong>σὲ</strong></span> <span class='ocrx_word' id='word_1_131' title='bbox 233 1872 381 1952; x_wconf 75' lang='grc' dir='ltr'><strong><em>μέλλειν,</em></strong></span> <span class='ocrx_word' id='word_1_132' title='bbox 401 1872 444 1945; x_wconf 86' lang='grc' dir='ltr'><strong>ὡς</strong></span> <span class='ocrx_word' id='word_1_133' title='bbox 463 1873 590 1954; x_wconf 74' lang='grc' dir='ltr'><strong><em>χρόνος</em></strong></span> <span class='ocrx_word' id='word_1_134' title='bbox 608 1872 841 1953; x_wconf 74' lang='grc' dir='ltr'><strong><em>παρήλυθεν’.</em></strong></span> <span class='ocrx_word' id='word_1_135' title='bbox 877 1879 914 1934; x_wconf 88' lang='lat' dir='ltr'><strong>at</strong></span> <span class='ocrx_word' id='word_1_136' title='bbox 931 1877 995 1935; x_wconf 91' lang='lat' dir='ltr'><strong>hoc</strong></span> <span class='ocrx_word' id='word_1_137' title='bbox 1014 1878 1106 1934; x_wconf 88' lang='lat' dir='ltr'><strong>enirn</strong></span> 
     </span>
     <span class='ocr_line' id='line_1_20' title="bbox 91 1965 1146 2040; baseline -0.006 -17"><span class='ocrx_word' id='word_1_138' title='bbox 91 1967 194 2040; x_wconf 89' lang='lat' dir='ltr'><strong>inquit</strong></span> <span class='ocrx_word' id='word_1_139' title='bbox 210 1965 316 2040; x_wconf 88' lang='lat' dir='ltr'><strong>plane</strong></span> <span class='ocrx_word' id='word_1_140' title='bbox 331 1965 518 2023; x_wconf 86' lang='lat' dir='ltr'><strong>stultitiae</strong></span> <span class='ocrx_word' id='word_1_141' title='bbox 532 1966 757 2040; x_wconf 86' lang='lat' dir='ltr'><strong>plenumest,</strong></span> <span class='ocrx_word' id='word_1_142' title='bbox 776 1984 814 2025; x_wconf 88' lang='lat' dir='ltr'><strong>eo</strong></span> <span class='ocrx_word' id='word_1_143' title='bbox 829 1966 982 2024; x_wconf 86' lang='lat' dir='ltr'><strong>oonsilio</strong></span> <span class='ocrx_word' id='word_1_144' title='bbox 998 1968 1105 2038; x_wconf 88' lang='lat' dir='ltr'><strong>atque</strong></span> <span class='ocrx_word' id='word_1_145' title='bbox 1121 1979 1146 2018; x_wconf 74' lang='lat' dir='ltr'><strong>io</strong></span> 
     </span>
     <span class='ocr_line' id='line_1_21' title="bbox 92 2053 1106 2130; baseline -0.001 -18"><span class='ocrx_word' id='word_1_146' title='bbox 92 2073 134 2128; x_wconf 79' lang='lat' dir='ltr'><strong>ea</strong></span> <span class='ocrx_word' id='word_1_147' title='bbox 151 2055 222 2112; x_wconf 85' lang='lat' dir='ltr'><strong>fini</strong></span> <span class='ocrx_word' id='word_1_148' title='bbox 239 2055 358 2128; x_wconf 84' lang='lat' dir='ltr'><strong>facere</strong></span> <span class='ocrx_word' id='word_1_149' title='bbox 376 2054 470 2112; x_wconf 89' lang='lat' dir='ltr'><strong>velle</strong></span> <span class='ocrx_word' id='word_1_150' title='bbox 486 2053 640 2128; x_wconf 85' lang='lat' dir='ltr'><strong>aliquid,</strong></span> <span class='ocrx_word' id='word_1_151' title='bbox 658 2056 713 2112; x_wconf 90' lang='lat' dir='ltr'><strong>uti</strong></span> <span class='ocrx_word' id='word_1_152' title='bbox 728 2074 918 2130; x_wconf 90' lang='lat' dir='ltr'><strong>numquam</strong></span> <span class='ocrx_word' id='word_1_153' title='bbox 935 2054 971 2111; x_wconf 93' lang='lat' dir='ltr'><strong>id</strong></span> <span class='ocrx_word' id='word_1_154' title='bbox 990 2055 1106 2116; x_wconf 86' lang='lat' dir='ltr'><strong>facias</strong></span> 
     </span>
     <span class='ocr_line' id='line_1_22' title="bbox 91 2141 1106 2224; baseline 0 -25"><span class='ocrx_word' id='word_1_155' title='bbox 91 2142 187 2224; x_wconf 34' lang='lat' dir='ltr'><strong>,quod</strong></span> <span class='ocrx_word' id='word_1_156' title='bbox 210 2143 310 2201; x_wconf 84' lang='lat' dir='ltr'><strong>velis.</strong></span> <span class='ocrx_word' id='word_1_157' title='bbox 334 2146 463 2218; x_wconf 91' lang='lat' dir='ltr'><strong>—post</strong></span> <span class='ocrx_word' id='word_1_158' title='bbox 485 2143 589 2208; x_wconf 87' lang='lat' dir='ltr'><strong>deinde</strong></span> <span class='ocrx_word' id='word_1_159' title='bbox 612 2161 699 2201; x_wconf 89' lang='lat' dir='ltr'><strong>usum</strong></span> <span class='ocrx_word' id='word_1_160' title='bbox 724 2161 786 2206; x_wconf 87' lang='lat' dir='ltr'><strong>esse</strong></span> <span class='ocrx_word' id='word_1_161' title='bbox 811 2141 953 2202; x_wconf 81' lang='lat' dir='ltr'><strong>Catonem</strong></span> <span class='ocrx_word' id='word_1_162' title='bbox 978 2143 1051 2202; x_wconf 89' lang='lat' dir='ltr'><strong>dicit</strong></span> <span class='ocrx_word' id='word_1_163' title='bbox 1075 2142 1106 2199; x_wconf 90' lang='lat' dir='ltr'><strong>in</strong></span> 
     </span>
     <span class='ocr_line' id='line_1_23' title="bbox 93 2231 1152 2309; baseline -0.003 -18"><span class='ocrx_word' id='word_1_164' title='bbox 93 2231 196 2291; x_wconf 85' lang='lat' dir='ltr'><strong>cadem</strong></span> <span class='ocrx_word' id='word_1_165' title='bbox 220 2233 353 2290; x_wconf 92' lang='lat' dir='ltr'><strong>oratione</strong></span> <span class='ocrx_word' id='word_1_166' title='bbox 377 2235 562 2309; x_wconf 77' lang='lat' dir='ltr'><strong>argumentis</strong></span> <span class='ocrx_word' id='word_1_167' title='bbox 580 2251 685 2308; x_wconf 89' lang='lat' dir='ltr'><strong>parum</strong></span> <span class='ocrx_word' id='word_1_168' title='bbox 708 2232 839 2291; x_wconf 88' lang='lat' dir='ltr'><strong>honestis</strong></span> <span class='ocrx_word' id='word_1_169' title='bbox 859 2235 890 2290; x_wconf 89' lang='lat' dir='ltr'><strong>et</strong></span> <span class='ocrx_word' id='word_1_170' title='bbox 906 2234 996 2290; x_wconf 91' lang='lat' dir='ltr'><strong>nimis</strong></span> <span class='ocrx_word' id='word_1_171' title='bbox 1016 2231 1106 2295; x_wconf 86' lang='lat' dir='ltr'><strong>auda·</strong></span> <span class='ocrx_word' id='word_1_172' title='bbox 1151 2290 1152 2294; x_wconf 63' lang='grc'>,</span> 
     </span>
     <span class='ocr_line' id='line_1_24' title="bbox 91 2315 1106 2397; baseline -0.003 -16"><span class='ocrx_word' id='word_1_173' title='bbox 91 2321 178 2384; x_wconf 80' lang='lat' dir='ltr'><strong>‚cibus</strong></span> <span class='ocrx_word' id='word_1_174' title='bbox 201 2339 236 2379; x_wconf 90' lang='lat' dir='ltr'><strong>ac</strong></span> <span class='ocrx_word' id='word_1_175' title='bbox 263 2340 322 2379; x_wconf 91' lang='lat' dir='ltr'><strong>non</strong></span> <span class='ocrx_word' id='word_1_176' title='bbox 345 2323 404 2379; x_wconf 89' lang='lat' dir='ltr'><strong>viri</strong></span> <span class='ocrx_word' id='word_1_177' title='bbox 427 2323 500 2394; x_wconf 92' lang='lat' dir='ltr'><strong>eius,</strong></span> <span class='ocrx_word' id='word_1_178' title='bbox 524 2323 581 2395; x_wconf 67' lang='lat' dir='ltr'><strong>⁴qui</strong></span> <span class='ocrx_word' id='word_1_179' title='bbox 604 2315 758 2397; x_wconf 80' lang='lat' dir='ltr'><strong>alio&lt;qui&gt;</strong></span> <span class='ocrx_word' id='word_1_180' title='bbox 781 2321 849 2394; x_wconf 85' lang='lat' dir='ltr'><strong>fuit,</strong></span> <span class='ocrx_word' id='word_1_181' title='bbox 877 2321 929 2380; x_wconf 88' lang='lat' dir='ltr'><strong>sed</strong></span> <span class='ocrx_word' id='word_1_182' title='bbox 956 2321 1048 2382; x_wconf 82' lang='lat' dir='ltr'><strong>vafris</strong></span> <span class='ocrx_word' id='word_1_183' title='bbox 1073 2339 1106 2378; x_wconf 91' lang='lat' dir='ltr'><strong>ac</strong></span> 
     </span>
     <span class='ocr_line' id='line_1_25' title="bbox 92 2398 1146 2485; baseline -0.006 -17"><span class='ocrx_word' id='word_1_184' title='bbox 92 2410 257 2470; x_wconf 85' lang='lat' dir='ltr'><strong>fallaciosis</strong></span> <span class='ocrx_word' id='word_1_185' title='bbox 276 2412 306 2468; x_wconf 90' lang='lat' dir='ltr'><strong>et</strong></span> <span class='ocrx_word' id='word_1_186' title='bbox 324 2411 411 2485; x_wconf 85' lang='lat' dir='ltr'><strong>quasi</strong></span> <span class='ocrx_word' id='word_1_187' title='bbox 425 2398 606 2468; x_wconf 78' lang='lat' dir='ltr'><strong>Graecorum</strong></span> <span class='ocrx_word' id='word_1_188' title='bbox 624 2410 990 2484; x_wconf 86' lang='lat' dir='ltr'><strong>sophistarum-sollertiis.</strong></span> <span class='ocrx_word' id='word_1_189' title='bbox 1028 2428 1107 2467; x_wconf 85' lang='lat' dir='ltr'><strong>nam</strong></span> <span class='ocrx_word' id='word_1_190' title='bbox 1121 2423 1146 2463; x_wconf 81' lang='lat' dir='ltr'><strong>rs</strong></span> 
     </span>
     <span class='ocr_line' id='line_1_26' title="bbox 94 2497 1106 2574; baseline -0.004 -16"><span class='ocrx_word' id='word_1_191' title='bbox 94 2517 171 2558; x_wconf 89' lang='lat' dir='ltr'><strong>curn</strong></span> <span class='ocrx_word' id='word_1_192' title='bbox 198 2498 407 2558; x_wconf 87' lang='lat' dir='ltr'><strong>obiceretur</strong></span> <span class='ocrx_word' id='word_1_193' title='bbox 436 2498 535 2573; x_wconf 90' lang='lat' dir='ltr'><strong>inquit</strong></span> <span class='ocrx_word' id='word_1_194' title='bbox 564 2498 821 2571; x_wconf 86' lang='lat' dir='ltr'><strong>Rodiensibus,</strong></span> <span class='ocrx_word' id='word_1_195' title='bbox 854 2499 945 2574; x_wconf 92' lang='lat' dir='ltr'><strong>quod</strong></span> <span class='ocrx_word' id='word_1_196' title='bbox 972 2497 1106 2556; x_wconf 91' lang='lat' dir='ltr'><strong>bellum</strong></span> 
     </span>
     <span class='ocr_line' id='line_1_27' title="bbox 92 2588 1106 2665; baseline -0.002 -18"><span class='ocrx_word' id='word_1_197' title='bbox 92 2589 228 2665; x_wconf 88' lang='lat' dir='ltr'><strong>populo</strong></span> <span class='ocrx_word' id='word_1_198' title='bbox 251 2588 407 2648; x_wconf 87' lang='lat' dir='ltr'><strong>Romano</strong></span> <span class='ocrx_word' id='word_1_199' title='bbox 430 2589 549 2645; x_wconf 89' lang='lat' dir='ltr'><strong>facere</strong></span> <span class='ocrx_word' id='word_1_200' title='bbox 572 2588 788 2659; x_wconf 87' lang='lat' dir='ltr'><strong>volnissent,</strong></span> <span class='ocrx_word' id='word_1_201' title='bbox 805 2588 966 2664; x_wconf 80' lang='lat' dir='ltr'><strong>negavit</strong></span> <span class='ocrx_word' id='word_1_202' title='bbox 993 2605 1106 2662; x_wconf 88' lang='lat' dir='ltr'><strong>poena</strong></span> 
     </span>
     <span class='ocr_line' id='line_1_28' title="bbox 94 2676 1128 2753; baseline -0.003 -17"><span class='ocrx_word' id='word_1_203' title='bbox 94 2694 170 2736; x_wconf 91' lang='lat' dir='ltr'><strong>esse</strong></span> <span class='ocrx_word' id='word_1_204' title='bbox 198 2676 339 2753; x_wconf 82' lang='lat' dir='ltr'><strong>dignos,</strong></span> <span class='ocrx_word' id='word_1_205' title='bbox 372 2679 455 2752; x_wconf 84' lang='lat' dir='ltr'><strong>quia</strong></span> <span class='ocrx_word' id='word_1_206' title='bbox 483 2676 518 2733; x_wconf 94' lang='lat' dir='ltr'><strong>id</strong></span> <span class='ocrx_word' id='word_1_207' title='bbox 545 2696 614 2735; x_wconf 90' lang='lat' dir='ltr'><strong>non</strong></span> <span class='ocrx_word' id='word_1_208' title='bbox 643 2677 828 2750; x_wconf 85' lang='lat' dir='ltr'><strong>fecissent,</strong></span> <span class='ocrx_word' id='word_1_209' title='bbox 861 2679 930 2735; x_wconf 86' lang='lat' dir='ltr'><strong>etsi</strong></span> <span class='ocrx_word' id='word_1_210' title='bbox 957 2676 1128 2738; x_wconf 39' lang='lat' dir='ltr'><strong>maximo.</strong></span> 
     </span>
     <span class='ocr_line' id='line_1_29' title="bbox 93 2765 1107 2841; baseline -0.002 -17"><span class='ocrx_word' id='word_1_211' title='bbox 93 2766 314 2839; x_wconf 71' lang='lat' dir='ltr'><strong>¹uoluissent,</strong></span> <span class='ocrx_word' id='word_1_212' title='bbox 355 2766 562 2841; x_wconf 82' lang='lat' dir='ltr'><strong>induxisseque</strong></span> <span class='ocrx_word' id='word_1_213' title='bbox 599 2785 667 2823; x_wconf 90' lang='lat' dir='ltr'><strong>eum</strong></span> <span class='ocrx_word' id='word_1_214' title='bbox 699 2765 788 2837; x_wconf 88' lang='lat' dir='ltr'><strong>dicit,</strong></span> <span class='ocrx_word' id='word_1_215' title='bbox 830 2785 920 2839; x_wconf 86' lang='lat' dir='ltr'><strong>quarn</strong></span> <span class='ocrx_word' id='word_1_216' title='bbox 957 2765 1107 2824; x_wconf 87' lang='lat' dir='ltr'><strong>dialectici</strong></span> 
     </span>
     <span class='ocr_line' id='line_1_30' title="bbox 94 2852 1147 2934; baseline -0.005 -22"><span class='ocrx_word' id='word_1_217' title='bbox 94 2852 252 2934; x_wconf 73' lang='grc' dir='ltr'><strong>ἐπαγωγὴν</strong></span> <span class='ocrx_word' id='word_1_218' title='bbox 276 2856 437 2930; x_wconf 87' lang='lat' dir='ltr'><strong>appellant,</strong></span> <span class='ocrx_word' id='word_1_219' title='bbox 460 2875 521 2912; x_wconf 91' lang='lat' dir='ltr'><strong>rem</strong></span> <span class='ocrx_word' id='word_1_220' title='bbox 543 2853 701 2923; x_wconf 88' lang='lat' dir='ltr'><strong>admodum</strong></span> <span class='ocrx_word' id='word_1_221' title='bbox 723 2853 901 2920; x_wconf 68' lang='lat' dir='ltr'><strong>insidiosam¹</strong></span> <span class='ocrx_word' id='word_1_222' title='bbox 916 2858 946 2932; x_wconf 87' lang='lat' dir='ltr'><strong>et</strong></span> <span class='ocrx_word' id='word_1_223' title='bbox 969 2855 1107 2929; x_wconf 84' lang='lat' dir='ltr'><strong>sophisti·</strong></span> <span class='ocrx_word' id='word_1_224' title='bbox 1121 2868 1147 2907; x_wconf 85' lang='lat' dir='ltr'><strong>eo</strong></span> 
     </span>
     <span class='ocr_line' id='line_1_31' title="bbox 95 2942 1107 3020; baseline 0 -20"><span class='ocrx_word' id='word_1_225' title='bbox 95 2961 162 3001; x_wconf 91' lang='lat' dir='ltr'><strong>carn</strong></span> <span class='ocrx_word' id='word_1_226' title='bbox 179 2963 275 3019; x_wconf 88' lang='lat' dir='ltr'><strong>nequo</strong></span> <span class='ocrx_word' id='word_1_227' title='bbox 295 2943 332 3001; x_wconf 91' lang='lat' dir='ltr'><strong>ad</strong></span> <span class='ocrx_word' id='word_1_228' title='bbox 348 2946 489 3002; x_wconf 87' lang='lat' dir='ltr'><strong>veritates</strong></span> <span class='ocrx_word' id='word_1_229' title='bbox 507 2945 603 3020; x_wconf 83' lang='lat' dir='ltr'><strong>inagis</strong></span> <span class='ocrx_word' id='word_1_230' title='bbox 619 2962 707 3017; x_wconf 85' lang='lat' dir='ltr'><strong>quarn</strong></span> <span class='ocrx_word' id='word_1_231' title='bbox 727 2943 764 3000; x_wconf 89' lang='lat' dir='ltr'><strong>ad</strong></span> <span class='ocrx_word' id='word_1_232' title='bbox 784 2942 935 3017; x_wconf 87' lang='lat' dir='ltr'><strong>captiones</strong></span> <span class='ocrx_word' id='word_1_233' title='bbox 949 2945 1107 3017; x_wconf 81' lang='lat' dir='ltr'><strong>repertam,</strong></span> 
     </span>
     <span class='ocr_line' id='line_1_32' title="bbox 95 3031 1107 3120; baseline -0.002 -30"><span class='ocrx_word' id='word_1_234' title='bbox 95 3052 162 3090; x_wconf 90' lang='lat' dir='ltr'><strong>cum</strong></span> <span class='ocrx_word' id='word_1_235' title='bbox 178 3035 303 3091; x_wconf 89' lang='lat' dir='ltr'><strong>conatus</strong></span> <span class='ocrx_word' id='word_1_236' title='bbox 318 3033 357 3091; x_wconf 90' lang='lat' dir='ltr'><strong>sit</strong></span> <span class='ocrx_word' id='word_1_237' title='bbox 372 3033 512 3120; x_wconf 84' lang='lat' dir='ltr'><strong>exemplis</strong></span> <span class='ocrx_word' id='word_1_238' title='bbox 527 3031 741 3106; x_wconf 88' lang='lat' dir='ltr'><strong>decipientibus</strong></span> <span class='ocrx_word' id='word_1_239' title='bbox 761 3032 908 3108; x_wconf 86' lang='lat' dir='ltr'><strong>conligere</strong></span> <span class='ocrx_word' id='word_1_240' title='bbox 922 3031 1107 3090; x_wconf 88' lang='lat' dir='ltr'><strong>confirmare-</strong></span> 
     </span>
     <span class='ocr_line' id='line_1_33' title="bbox 96 3113 1107 3197; baseline 0 -19"><span class='ocrx_word' id='word_1_241' title='bbox 96 3134 154 3196; x_wconf 88' lang='lat' dir='ltr'><strong>qne</strong></span> <span class='ocrx_word' id='word_1_242' title='bbox 177 3123 332 3196; x_wconf 90' lang='lat' dir='ltr'><strong>neminem,</strong></span> <span class='ocrx_word' id='word_1_243' title='bbox 356 3122 407 3197; x_wconf 91' lang='lat' dir='ltr'><strong>qui</strong></span> <span class='ocrx_word' id='word_1_244' title='bbox 431 3113 508 3180; x_wconf 83' lang='lat' dir='ltr'><strong>male</strong></span> <span class='ocrx_word' id='word_1_245' title='bbox 531 3122 626 3179; x_wconf 88' lang='lat' dir='ltr'><strong>facere</strong></span> <span class='ocrx_word' id='word_1_246' title='bbox 650 3139 687 3179; x_wconf 88' lang='lat' dir='ltr'><strong>vo</strong></span> <span class='ocrx_word' id='word_1_247' title='bbox 688 3121 764 3193; x_wconf 87' lang='lat' dir='ltr'><strong>luit,</strong></span> <span class='ocrx_word' id='word_1_248' title='bbox 776 3121 867 3196; x_wconf 86' lang='lat' dir='ltr'><strong>plecti</strong></span> <span class='ocrx_word' id='word_1_249' title='bbox 885 3132 1018 3196; x_wconf 81' lang='lat' dir='ltr'><strong>aequum</strong></span> <span class='ocrx_word' id='word_1_250' title='bbox 1037 3139 1107 3194; x_wconf 87' lang='lat' dir='ltr'><strong>esse,</strong></span> 
     </span>
     <span class='ocr_line' id='line_1_34' title="bbox 94 3194 1108 3286; baseline -0.007 -14"><span class='ocrx_word' id='word_1_251' title='bbox 94 3212 155 3272; x_wconf 86' lang='lat' dir='ltr'><strong>nisi</strong></span> <span class='ocrx_word' id='word_1_252' title='bbox 178 3210 257 3286; x_wconf 91' lang='lat' dir='ltr'><strong>quod</strong></span> <span class='ocrx_word' id='word_1_253' title='bbox 283 3211 396 3286; x_wconf 84' lang='lat' dir='ltr'><strong>factum</strong></span> <span class='ocrx_word' id='word_1_254' title='bbox 419 3210 528 3285; x_wconf 86' lang='lat' dir='ltr'><strong>voluit,</strong></span> <span class='ocrx_word' id='word_1_255' title='bbox 558 3211 648 3279; x_wconf 85' lang='lat' dir='ltr'><strong>etiam</strong></span> <span class='ocrx_word' id='word_1_256' title='bbox 676 3194 786 3268; x_wconf 79' lang='lat' dir='ltr'><strong>fecerit</strong></span> <span class='ocrx_word' id='word_1_257' title='bbox 833 3209 923 3268; x_wconf 85' lang='lat' dir='ltr'><strong>verba</strong></span> <span class='ocrx_word' id='word_1_258' title='bbox 951 3203 1050 3279; x_wconf 83' lang='lat' dir='ltr'><strong>autem</strong></span> <span class='ocrx_word' id='word_1_259' title='bbox 1073 3228 1108 3280; x_wconf 76' lang='lat' dir='ltr'><strong>ex</strong></span> 
     </span>
     <span class='ocr_line' id='line_1_35' title="bbox 96 3255 1148 3377; baseline -0.008 -18"><span class='ocrx_word' id='word_1_260' title='bbox 96 3318 132 3361; x_wconf 84' lang='lat' dir='ltr'><strong>ea</strong></span> <span class='ocrx_word' id='word_1_261' title='bbox 155 3300 289 3361; x_wconf 87' lang='lat' dir='ltr'><strong>oratione</strong></span> <span class='ocrx_word' id='word_1_262' title='bbox 312 3300 350 3359; x_wconf 82' lang='lat' dir='ltr'><strong>M.</strong></span> <span class='ocrx_word' id='word_1_263' title='bbox 376 3300 508 3358; x_wconf 79' lang='lat' dir='ltr'><strong>Catonis</strong></span> <span class='ocrx_word' id='word_1_264' title='bbox 521 3255 596 3358; x_wconf 79' lang='lat' dir='ltr'><strong>liaeo</strong></span> <span class='ocrx_word' id='word_1_265' title='bbox 624 3301 694 3358; x_wconf 86' lang='lat' dir='ltr'><strong>sunt</strong></span> <span class='ocrx_word' id='word_1_266' title='bbox 717 3289 763 3376; x_wconf 84' lang='lat' dir='ltr'><strong>[V</strong></span> <span class='ocrx_word' id='word_1_267' title='bbox 782 3275 876 3377; x_wconf 77' lang='lat' dir='ltr'><strong>4J.:]</strong></span> <span class='ocrx_word' id='word_1_268' title='bbox 906 3295 982 3374; x_wconf 87' lang='lat' dir='ltr'><strong>qui</strong></span> <span class='ocrx_word' id='word_1_269' title='bbox 1012 3317 1108 3357; x_wconf 85' lang='lat' dir='ltr'><strong>acer·</strong></span> <span class='ocrx_word' id='word_1_270' title='bbox 1122 3311 1148 3352; x_wconf 83' lang='lat' dir='ltr'><strong>ss</strong></span> 
     </span>
     <span class='ocr_line' id='line_1_36' title="bbox 95 3383 1115 3462; baseline -0.004 -17"><span class='ocrx_word' id='word_1_271' title='bbox 95 3388 183 3446; x_wconf 89' lang='lat' dir='ltr'><strong>rime</strong></span> <span class='ocrx_word' id='word_1_272' title='bbox 207 3388 379 3448; x_wconf 86' lang='lat' dir='ltr'><strong>advorsus</strong></span> <span class='ocrx_word' id='word_1_273' title='bbox 402 3407 460 3447; x_wconf 91' lang='lat' dir='ltr'><strong>eos</strong></span> <span class='ocrx_word' id='word_1_274' title='bbox 484 3383 601 3462; x_wconf 83' lang='lat' dir='ltr'><strong>dicit,</strong></span> <span class='ocrx_word' id='word_1_275' title='bbox 615 3390 667 3446; x_wconf 85' lang='lat' dir='ltr'><strong>ita</strong></span> <span class='ocrx_word' id='word_1_276' title='bbox 691 3387 780 3445; x_wconf 90' lang='lat' dir='ltr'><strong>dicit</strong></span> <span class='ocrx_word' id='word_1_277' title='bbox 800 3388 924 3447; x_wconf 89' lang='lat' dir='ltr'><strong>hostes</strong></span> <span class='ocrx_word' id='word_1_278' title='bbox 947 3389 1115 3446; x_wconf 67' lang='lat' dir='ltr'><strong>voluisse</strong></span> 
     </span>
     <span class='ocr_line' id='line_1_37' title="bbox 95 3465 1150 3570; baseline -0.012 -36"><span class='ocrx_word' id='word_1_279' title='bbox 95 3477 191 3551; x_wconf 79' lang='lat' dir='ltr'><strong>fieri.</strong></span> <span class='ocrx_word' id='word_1_280' title='bbox 230 3479 351 3552; x_wconf 89' lang='lat' dir='ltr'><strong>ecquis</strong></span> <span class='ocrx_word' id='word_1_281' title='bbox 375 3482 429 3536; x_wconf 89' lang='lat' dir='ltr'><strong>est</strong></span> <span class='ocrx_word' id='word_1_282' title='bbox 451 3465 610 3570; x_wconf 84' lang='lat' dir='ltr'><strong>tandem,</strong></span> <span class='ocrx_word' id='word_1_283' title='bbox 633 3466 951 3566; x_wconf 74' lang='lat' dir='ltr'><strong>quinostrqrum,</strong></span> <span class='ocrx_word' id='word_1_284' title='bbox 970 3471 1092 3548; x_wconf 60' lang='lat' dir='ltr'><strong>quob</strong></span> <span class='ocrx_word' id='word_1_285' title='bbox 1093 3467 1150 3533; x_wconf 56' lang='lat' dir='ltr'><strong>ab</strong></span> 
     </span>
     <span class='ocr_line' id='line_1_38' title="bbox 86 3556 1180 3662; baseline -0.015 -34.956"><span class='ocrx_word' id='word_1_286' title='bbox 86 3584 168 3635; x_wconf 69' lang='lat' dir='ltr'><strong>sese</strong></span> <span class='ocrx_word' id='word_1_287' title='bbox 185 3568 358 3644; x_wconf 83' lang='lat' dir='ltr'><strong>attineat</strong></span> <span class='ocrx_word' id='word_1_288' title='bbox 352 3589 540 3662; x_wconf 79' lang='lat' dir='ltr'><strong>aequum</strong></span> <span class='ocrx_word' id='word_1_289' title='bbox 559 3571 718 3654; x_wconf 76' lang='lat' dir='ltr'><strong>censeat·</strong></span> <span class='ocrx_word' id='word_1_290' title='bbox 736 3583 888 3655; x_wconf 73' lang='lat' dir='ltr'><strong>poenas</strong></span> <span class='ocrx_word' id='word_1_291' title='bbox 906 3564 1002 3631; x_wconf 69' lang='lat' dir='ltr'><strong>bare</strong></span> <span class='ocrx_word' id='word_1_292' title='bbox 1021 3556 1070 3612; x_wconf 58' lang='lat' dir='ltr'><strong>ob</strong></span> <span class='ocrx_word' id='word_1_293' title='bbox 1090 3560 1180 3602; x_wconf 55' lang='lat' dir='ltr'><strong>affl</strong></span> 
     </span>
    </p>
   </div>
   <div class='ocr_carea' id='block_1_3' title="bbox 0 0 1221 3840">
    <p class='ocr_par' dir='ltr' id='par_1_3' title="bbox 0 0 1221 3840">
     <span class='ocr_line' id='line_1_39' title="bbox 0 0 1221 3840; baseline 0 0"><span class='ocrx_word' id='word_1_294' title='bbox 0 0 1221 3840; x_wconf 95' lang='lat' dir='ltr'><strong> </strong></span> 
     </span>
    </p>
   </div>
  </div>
 </body>
</html>
