2422 3840
139 179 205 243 304
289 178 495 234 Grammaticos
515 179 616 233 aetatis
635 179 826 234 varronianae
845 180 1004 248 fragmenta

138 352 270 407 moretur
300 349 330 406 et
359 350 484 406 iunctim
515 350 650 424 quamvis
680 349 712 406 in
744 349 847 407 multis
877 349 1002 424 syllabis
1034 349 1156 408 residat.

140 439 278 512 quocirca
310 457 415 514 graves
448 456 570 495 numero
603 442 672 496 sunt
703 438 817 513 plures,
854 439 1008 513 pauciores
1042 440 1157 513 acutae,

138 527 231 585 flexae
253 527 430 586 rarissimae.

69 635 124 678 ’111
207 627 311 682 acutae
342 627 413 683 nota
442 626 486 683 est
513 625 632 700 virgula
660 643 677 682 a
705 627 826 683 sinistra
855 628 940 700 parte
970 624 1158 682 dextrorsum

139 712 264 771 sublime
288 714 446 790 fastigata,
474 713 574 790 gravis
599 715 698 771 autem
722 715 845 771 notatur
867 714 960 771 simili
983 714 1101 789 virgula
1124 715 1157 771 in

88 792 89 797 ¹
139 797 315 879 ea<m>dem
332 797 491 879 partc<m>
509 801 648 877 depressa
665 802 797 878 fastigio.
835 822 909 878 quae
928 805 1017 860 notae
1037 802 1157 860 demon-

139 894 237 949 strant
255 910 372 949 omnem
397 894 515 949 acutam
533 909 635 950 vocem
657 910 774 950 sursum
799 909 860 949 esse
880 894 909 949 et
932 909 1054 968 gravem
1073 891 1157 950 deor-

140 999 212 1038 sum.
258 982 357 1055 ipsum
385 981 477 1038 etiam
506 982 686 1040 musicorum
714 980 836 1039 docetur
865 981 1095 1056 diagrammate,
1125 983 1158 1038 in

85 1083 126 1122 110
140 1088 198 1144 quo
217 1070 297 1144 tropi
321 1087 375 1145 pro
400 1070 534 1127 acumine
554 1088 659 1127 vocum
682 1070 848 1144 superiores
872 1069 1051 1143 scribuntur,
1075 1069 1157 1126 deni-

140 1178 196 1233 que
220 1176 351 1216 summus
374 1158 578 1234 hyperlydius,
602 1160 673 1234 quia
697 1157 893 1232 acutissimus,
922 1157 1039 1216 infimus
1062 1158 1157 1234 hypo·

140 1247 249 1321 dorius,
273 1266 331 1322 quo
350 1247 450 1304 nullus
469 1250 514 1305 111
533 1249 660 1324 gravior.
697 1247 773 1305 flexa
793 1249 892 1305 autem
910 1246 1060 1322 prosodia,
1079 1246 1158 1321 quod

140 1336 250 1410 duplex
268 1338 314 1394 est
332 1338 362 1393 et
381 1355 415 1394 ex
434 1337 523 1394 acuta
542 1337 685 1412 gravique
703 1335 781 1410 ficta,
805 1339 909 1395 notam
931 1335 1021 1394 habet
1044 1336 1159 1395 nomini

139 1425 342 1500 potestatique
372 1424 611 1500 respondentem3
644 1444 714 1483 nam
743 1445 760 1483 a
788 1426 907 1483 sinistro
938 1443 1004 1482 omn
1034 1442 1158 1501 surgens

86 1529 125 1568 115
142 1514 233 1571 arduo
266 1514 389 1591 fastigio
420 1517 450 1573 et
480 1532 596 1572 sursum
625 1514 710 1572 molli
742 1517 901 1572 curvatura
933 1514 1158 1572 dextroversum

139 1602 215 1660 flexa
234 1603 392 1678 praecipiti
408 1604 484 1661 clivo
500 1602 676 1678 deprimitur
695 1606 724 1660 et
738 1605 866 1678 speciem
883 1621 995 1677 pronae
1010 1621 1025 1661 o
1038 1602 1158 1661 litterae

79 1687 80 1703 ²
139 1689 240 1766 efficit,
270 1694 400 1767 priorem
425 1695 544 1750 acutam
568 1695 598 1749 11
620 1694 814 1767 posteriorem
837 1711 959 1768 gravem
982 1691 1039 1750 sibi
1062 1692 1157 1750 inesse

141 1780 296 1858 significat.
321 1813 363 1821 -

208 1878 279 1936 ordo
303 1881 335 1936 in
358 1879 527 1937 accentibus
550 1898 609 1936 non
634 1878 814 1951 adtenditur,
839 1897 942 1936 verum
965 1880 1056 1951 varie,
1080 1897 1157 1935 nunc

86 1983 126 2022 111
141 1987 275 2044 gravem,
303 1988 381 2026 nuno
406 1970 538 2040 acutum,
566 1986 625 2026 non
648 1987 811 2042 numquam
838 1966 945 2024 flexum
972 1968 1069 2041 primo
1092 1967 1157 2025 loco

140 2055 213 2132 poni
240 2056 363 2114 dubium
386 2076 446 2114 non
468 2057 582 2132 recipit.
610 2089 648 2096 -
673 2056 829 2132 longitudo
844 2055 1014 2130 ,verborum
1042 2055 1157 2114 duabus

140 2145 172 2202 in
194 2145 281 2204 rebus
306 2148 358 2218 est,
384 2149 516 2220 tempore
540 2147 570 2203 et
592 2145 724 2220 syllabis.
771 2148 889 2220 tempus
913 2144 951 2202 ad
973 2144 1157 2219 rhythmicos

140 2236 279 2309 pertinet,
299 2234 431 2309 syllabae
452 2234 489 2292 ad
507 2236 652 2292 metricos
685 2235 764 2292 inter
777 2233 960 2309 rhythmicos
975 2238 1005 2292 11
1019 2235 1157 2291 metricos

143 2323 284 2381 dissensio
299 2343 359 2382 non
373 2323 457 2380 nulla
472 2325 524 2397 est,
544 2323 623 2398 quod
642 2323 804 2398 rhythmici
817 2324 848 2380 in
867 2342 956 2380 versu
970 2323 1157 2399 longitudine

88 2428 126 2468 111
141 2415 221 2470 vocis
258 2415 394 2487 tempora
430 2412 595 2470 metiuntur
627 2415 657 2470 11
688 2412 776 2470 huius
813 2431 968 2470 mensurae
1004 2411 1158 2469 modulum

140 2502 255 2559 faciunt
287 2505 403 2576 tempus
436 2500 655 2575 brevissimum,
688 2501 720 2558 in
750 2520 808 2575 quo
838 2519 905 2558 curn
935 2519 1010 2576 quac
1041 2500 1158 2576 syllaba

141 2592 297 2648 enuntiata
329 2591 381 2664 sit,
417 2590 536 2648 brevem
568 2592 676 2649 vocari.
729 2590 845 2647 metrici
881 2593 980 2648 autem
1017 2608 1156 2647 versuum

141 2697 309 2737 mensuram
331 2678 454 2754 syllabis
474 2679 716 2755 conprehendunt
735 2681 765 2737 11
787 2678 874 2737 huius
894 2678 1047 2737 modulum
1067 2679 1157 2754 sylla·

141 2767 211 2825 bam
238 2767 357 2825 brevem
381 2767 573 2827 arbitrantur.
619 2769 736 2843 tempus
761 2771 860 2826 autem
883 2768 1090 2826 brevissimum
1113 2770 1157 2824 in-

87 2872 127 2914 111
141 2856 252 2933 tellegi,
280 2856 359 2931 quod
383 2851 661 2934 enuntiatione<m>
683 2857 874 2915 brevissimae
898 2856 1030 2931 syllabae
1054 2856 1156 2914 cohae-

141 2964 209 3002 rens
233 2944 453 3020 adaequaverit.
496 2947 599 3020 it-aque
623 2945 784 3021 rhythmici
807 2946 989 3021 temporibus
1016 2944 1157 3020 syllabas

141 3033 257 3092 metrici
279 3037 415 3108 tempora
439 3034 561 3109 syllabis
584 3034 700 3092 finiunt.

213 3149 325 3220 [Serpit]
348 3153 419 3218 expl.
443 3152 474 3203 ia
499 3152 572 3205 Dea.
592 3168 623 3220 p.
643 3156 705 3217 529,
726 3157 741 3204 1
765 3169 820 3213 quot
838 3166 904 3219 ergo
923 3166 968 3204 sint
985 3163 1104 3211 prosodiae
1123 3181 1157 3188 -

141 3238 179 3274 est.
193 3252 220 3260 —
234 3233 393 3276 Athenodorus
407 3252 433 3261 -
447 3236 541 3275 mrerior
554 3237 613 3276 inter
626 3247 654 3276 se.
684 3223 732 3275 sed
750 3222 803 3274 hoo
817 3222 927 3274 mediae
941 3220 1091 3290 prosodiae
1110 3220 1157 3291 [de

140 3291 234 3345 media
248 3291 380 3360 prosodia
394 3293 434 3347 cd.
451 3293 578 3365 Vindob]
599 3294 676 3359 satis,
696 3310 751 3360 quo
771 3293 833 3360 quis
853 3293 925 3346 sciat
944 3308 1003 3346 esse
1022 3308 1157 3359 quaeren-

142 3362 215 3417 dam.
235 3395 268 3403 -
289 3365 357 3435 [tres
376 3364 522 3433 prosodias
542 3365 571 3416 in
589 3381 642 3416 usu
660 3381 719 3418 esse
739 3363 809 3417 scire
829 3366 939 3431 oportet
958 3364 987 3416 et
1001 3381 1016 3416 1
1032 3381 1047 3415 s
1063 3362 1158 3416 media

142 3436 249 3501 autem,
273 3452 345 3502 quae
368 3435 442 3488 inter
466 3436 535 3488 duas
554 3434 635 3503 quasi
654 3435 734 3489 limes
754 3437 805 3501 est,
824 3435 899 3502 quod
917 3434 1053 3504 gravioris
1072 3452 1158 3502 quam

128 3506 269 3558 acutioris
281 3505 405 3563 similior
419 3508 470 3576 cst,
490 3507 520 3562 in
535 3506 677 3563 inferioris
689 3506 785 3578 potius
799 3523 884 3574 quam
896 3506 1047 3574 superioris
1061 3521 1157 3558 nume-

110 3588 178 3625 rum
196 3577 356 3648 relegatur.
399 3581 428 3636 in
449 3582 507 3638 hoc
527 3581 607 3638 enim
626 3580 688 3637 fere
708 3578 938 3634 doctissimorum
953 3590 1103 3628 consensus
1115 3578 1170 3638 sss,
