2422 3840
551 183 621 238 Iuba
1027 185 1093 250 453

80 351 114 411 αῖ
134 358 248 430 κεραῖαι
269 350 388 430 καμπάς
411 351 527 431 ἔχουσαι
550 350 599 411 καὶ
619 351 904 432 συνεπιστρέφουσαι
926 361 961 437 τῇ
981 352 1093 414 κυκνό-

79 463 143 518 τητι
166 440 239 518 πρὸς
262 438 388 517 ἀλλήλας
415 439 544 519 ἀγκύλον
567 440 598 501 τὸ
622 450 718 521 σχῆμα
745 453 895 503 ποιοῦσιν
926 439 947 521 ή
971 440 1021 502 διὰ
1042 442 1121 502 τὸντ

80 529 199 609 ἀγκῶνα
226 528 292 609 περὶ
322 526 357 589 ὃν
380 527 595 610 περιφέρονται.
641 540 733 590 ταῦτα
754 530 810 612 γὰρ
835 528 850 591 ὁ
871 526 967 609 Ἰόβας
997 531 1095 610 εἴρηκε

79 618 249 699 γλιχόμενος
272 617 451 696 ε’ξελληνίσαι
474 617 612 697 τοῦνομα.

154 720 227 773 Pru.
247 719 343 772 Numa
358 723 392 772 13
415 725 487 778 αὐτὰς
501 752 526 758 -
540 722 648 781 τοῦνομα.
676 721 757 774 aliter
774 721 862 774 Varro
880 721 913 774 de
932 721 948 774 λ.
963 722 997 775 L.
1015 724 1040 786 7,
1051 724 1094 773 43.

84 789 160 844 oua.
176 791 239 855 fast.
250 794 276 856 3,
290 793 353 844 377.
373 792 456 844 Paul.
471 792 543 845 Fest.
554 807 584 858 μ.
596 794 656 858 131,
667 795 693 844 8.
713 791 785 846 Seru.
801 792 870 846 Aea.
882 795 979 857 7,188.
996 795 1023 859 8,
1034 795 1094 846 664.

81 860 149 914 Isia.
170 878 208 915 or.
224 865 269 927 18,
284 865 328 926 12,
342 865 367 915 3.
388 860 475 917 OGL
494 863 538 916 VI
552 866 596 916 67.
792 882 794 889 ⁸

149 1119 285 1196 δεύτερον
310 1115 340 1175 δὲ
363 1122 424 1188 τοῖς
452 1109 537 1177 οὖσιν
565 1118 674 1197 ἱερεῦσι
697 1118 770 1189 Διὸς
799 1117 849 1177 καὶ
864 1113 975 1197 ’Ἀρεως
998 1120 1095 1199 τρίτον

77 1202 225 1282 Ῥωμύλου
243 1204 494 1286 προσκατὲστησεν
516 1201 682 1287 [Νουμᾶς],
706 1203 742 1267 όν
761 1207 895 1284 φλάμινα
914 1208 1096 1286 Κυρινάλιον

82 1293 242 1374 ὠνόμασεν.
289 1293 414 1355 ἐκάλουν
442 1293 473 1354 δὲ
501 1294 550 1354 καλ
577 1295 647 1368 τοὺς
674 1295 918 1376 προγενεστέρους
946 1297 1096 1375 φλάμινας

82 1382 139 1445 ἀπὸ
159 1393 217 1443 τῶν
231 1383 429 1465 περικρανίων
448 1385 552 1463 πίλων,
571 1383 624 1456 οὓς
639 1384 706 1464 περὶ
724 1391 786 1457 ταῖς
805 1390 947 1461 κεφαλαῖς
966 1395 1095 1466 φοροῦσι

82 1472 242 1550 πιλαμὲνας
265 1471 346 1543 τινάς
370 1471 465 1546 ὄντας,
489 1470 529 1545 ὡς
553 1474 715 1552 ἱστοροῦσι,
743 1483 801 1534 τῶν
821 1470 1003 1551 Ἑλληνικῶν
1027 1471 1095 1535 όνο-
1123 1490 1135 1531 τ

83 1563 181 1642 μάτων
211 1561 273 1622 τότε
303 1565 413 1639 μᾶλλον
443 1559 463 1637 ή
492 1571 550 1622 νῦν
579 1568 640 1634 τοῖς
667 1564 810 1635 Λατίνοις
839 1561 1094 1643 ἀνακεκραμένον.

82 1651 131 1710 καὶ
154 1651 209 1730 γὰρ
228 1649 263 1722 ἀς
282 1648 412 1728 ἐφόρουν
431 1650 463 1709 οἵ
483 1651 568 1730 ἱερεῖς
589 1652 691 1722 λαίνας
711 1649 727 1712 ό
744 1646 840 1731 Ἰόβας
862 1653 981 1731 χλαίνας
1001 1651 1096 1730 φησὶν

82 1734 158 1799 εἶναι
190 1738 240 1798 καὶ
269 1738 320 1798 τὸν
349 1737 552 1817 ὑπηρετοῦντα
581 1746 621 1822 τῷ
652 1741 726 1819 ἱερεῖ
753 1750 805 1800 τοῦ
833 1739 906 1812 Διὸς
935 1739 1094 1820 ἀμφιθαλῆ

82 1829 173 1888 παῖδα
188 1822 338 1908 ’λέγεσθαι
365 1828 516 1907 κάμιλλον,
544 1825 584 1900 ὡς
606 1827 658 1888 καὶ
686 1828 738 1890 τὸν
758 1825 872 1908 Ἑρμήν
899 1829 993 1902 οὕτως
1021 1829 1096 1890 ἔνιοι

82 1925 141 1976 τῶν
164 1913 314 1993 Ἑλλήνων
337 1917 492 1993 Καόμῖλον
520 1915 578 1976 ἀπὸ
605 1926 657 1996 τῆς
685 1917 836 1990 διακονίας
865 1919 1093 1999 προσηγόρευον.
1109 1935 1135 1974 ιο

155 2017 228 2070 Ρῖλλλ.
248 2017 346 2070 Numa
364 2021 501 2085 7δεύτερον
514 2048 541 2056 -
554 2024 734 2086 προσηγόρευον.
767 2019 800 2084 cf.
821 2019 858 2072 id,
878 2025 979 2086 quaest.
1001 2019 1034 2072 R.
1050 2024 1094 2072 40.

82 2089 204 2156 flammis
218 2093 325 2157 etymou
343 2090 374 2141 iu
388 2088 475 2141 Iubae
493 2095 646 2143 comeatum
659 2091 747 2159 recepi
759 2091 847 2144 uerba
863 2098 919 2143 τῶν
934 2086 1041 2158 Ἕλλην.
1060 2120 1096 2129 -

83 2159 214 2226 ἀνακεκρ.
238 2176 299 2212 aura
317 2156 477 2229 γλιχόμενος
490 2192 517 2198 -
530 2159 654 2229 τοόνομα
672 2161 707 2226 fr.
723 2166 740 2214 4
758 2162 865 2215 collatis
883 2177 966 2228 aeque
984 2177 1017 2214 ae
1035 2177 1096 2214 aum

88 2230 211 2284 Varroue
229 2231 261 2284 de
280 2232 296 2283 l.
312 2230 346 2284 L.
362 2235 387 2296 5,
402 2234 438 2282 84
457 2237 482 2284 et
499 2231 638 2300 De'ouyu'a
652 2232 718 2285 Hal.
734 2235 762 2299 2,
777 2236 820 2298 64,
838 2249 904 2300 quos
922 2232 1009 2287 Iubae
1026 2248 1095 2286 aom-

83 2303 170 2370 plura
187 2303 408 2356 subministrasse
430 2308 536 2356 aauetat
556 2304 600 2371 (cf.
615 2302 747 2370 ABauu,
770 2304 803 2357 ae
821 2304 907 2357 Iubae
925 2301 1095 2371 ὁμοιότησιν.

84 2373 230 2443 Gotte'uyae
241 2377 314 2427 1876
323 2390 353 2441 μ.
365 2374 461 2441 wau).
490 2375 525 2440 ef.
540 2375 621 2427 etiam
635 2374 708 2428 Sera.
724 2376 793 2428 Aea.
809 2378 836 2440 8,
847 2379 909 2427 664.
935 2375 1004 2428 Isia.
1019 2391 1058 2428 or.
1069 2377 1095 2440 7,

83 2449 182 2510 12,18.
197 2477 223 2482 -
237 2447 321 2514 ειγνιι·
333 2445 405 2498 uocis
421 2445 523 2498 ‘laeua'
541 2447 724 2514 (proclama)
741 2446 889 2499 Varrouem
903 2452 1039 2500 auctorem
1054 2446 1097 2512 (ele

82 2517 99 2569 λ.
112 2517 144 2568 L.
162 2519 260 2584 5,133)
276 2517 368 2569 Barth
380 2516 497 2584 reperire
506 2517 560 2570 οῖον·
568 2517 643 2570 uisus
652 2523 698 2582 est,
712 2517 759 2570 sed
772 2518 806 2583 af.
823 2516 901 2570 Peter
913 2533 941 2587 μ.
952 2521 985 2569 11
1002 2517 1096 2570 αάκ.2

82 2592 107 2640 et
127 2588 232 2653 Useuer,
252 2587 304 2641 Ru.
321 2589 397 2641 Mus.
411 2590 457 2652 23,
469 2591 524 2640 676
528 2608 539 2653 ;
557 2588 628 2641 idem
645 2589 779 2642 Graecum
797 2589 976 2656 veriloquium
993 2594 1032 2641 ert
1050 2604 1094 2656 ap.

84 2660 166 2712 Paul.
181 2658 254 2712 Fest.
270 2675 299 2726 p.
316 2662 435 2723 117,10.
468 2659 502 2724 ef.
523 2658 595 2713 Seru.
616 2660 713 2727 (Dau.)
729 2660 799 2712 Aea.
815 2664 840 2724 4,
853 2662 918 2714 262.
951 2659 1023 2713 Suet.
1038 2660 1095 2713 rell.

81 2747 109 2797 μ.
123 2733 181 2782 267
191 2731 226 2783 R.
252 2729 332 2784 aaL
348 2730 392 2784 VI
402 2733 464 2783 620.
479 2760 506 2768 -
520 2731 552 2783 de
568 2730 720 2784 ‘camillus'
735 2730 861 2784 ee'umlr'ter
880 2730 967 2784 Varro
986 2730 1018 2782 de
1033 2731 1095 2784 LL.

84 2805 110 2865 7,
120 2805 155 2854 34
169 2801 212 2869 (ef.
229 2801 352 2854 Maerob.
366 2804 392 2866 3,
403 2804 430 2866 8,
441 2805 466 2853 6.
492 2799 565 2855 Serv.
580 2802 657 2854 Dau.
673 2803 741 2855 Aeu.
758 2806 801 2868 11,
811 2804 874 2870 543)
888 2808 913 2855 u
927 2802 1045 2870 De'omys.
1055 2802 1095 2854 H.

82 2876 109 2937 2,
119 2876 164 2926 22.
184 2873 218 2938 cf.
230 2873 312 2926 Ραυλ.
323 2872 396 2925 Fest.
406 2889 435 2939 γ.
446 2875 490 2937 43,
500 2875 543 2924 13.
571 2873 643 2927 Sera.
655 2874 724 2926 Aeu.
736 2877 779 2938 11,
790 2876 853 2925 558.
883 2871 964 2927 OGL
979 2873 1022 2926 VI
1033 2876 1095 2925 171.

156 2984 169 3030 7
189 2976 315 3038 λεαίναςε
333 2995 380 3032 ειη.
400 2977 555 3047 Stephauus

533 3113 553 3170 ο
575 3104 648 3191 [10]

151 3215 198 3276 διὰ
223 3219 252 3277 τί
272 3223 348 3295 τρεῖς
375 3225 427 3276 τοῦ
452 3217 544 3294 μηνὸς
572 3214 662 3295 ἀρχάς
689 3214 739 3276 καὶ
766 3217 949 3297 προθεσμίας
980 3215 1096 3295 ἔχουσιν

83 3304 119 3365 οὐ
135 3304 222 3364 ταύτὸ
237 3306 383 3384 διάστημα
400 3315 458 3365 τῶν
473 3294 590 3386 ήμερῶν
604 3305 710 3384 μεταξὺ
728 3306 942 3384 λαμβάνοντες;
960 3304 1095 3383 πότερον,

84 3391 124 3466 ὡς
143 3395 175 3454 οἱ
190 3394 255 3473 περὶ
273 3393 324 3454 τὸν
336 3388 433 3472 Ἰόβαν
453 3395 628 3474 ῖστοροῦσιν,
649 3394 692 3455 ότι
710 3400 774 3466 ταῖς
790 3393 956 3462 καλάνδαις
972 3392 1104 3450 {mama

82 3483 134 3543 τὸν
165 3485 261 3562 δῆμον
291 3485 322 3543 οῖ
348 3481 485 3564 άρχοντες
517 3482 567 3545 καὶ
597 3482 802 3566 κατήγγελλον
836 3482 884 3550 εἰς
904 3477 1052 3550 ³&me
1078 3468 1141 3528 ὢν

78 3572 194 3650 νόννας,
217 3571 317 3644 εἰδοὺς
341 3569 373 3634 δὲ
397 3570 516 3658 ἡμέραν
542 3575 629 3662 ἱερὰν
658 3575 831 3655 ἓνόμιζους
