2422 3840
126 178 191 244 566
291 177 496 232 Grammaticos
514 177 617 231 aetatis
636 177 798 247 Augusteae
816 178 974 247 fragmenta

198 340 270 394 Fest.
289 357 320 407 p.
339 343 421 405 238⁶,
436 344 472 392 17
496 353 636 401 propudium
649 365 669 400 p.
685 353 704 391 o.
720 355 763 404 est,
789 340 821 391 ut
847 337 888 391 ait
908 337 1008 408 Capito
1033 338 1142 405 Ateius,

127 427 166 474 qui
180 443 206 450 -
221 428 258 465 ert.
286 412 390 465 similia
407 415 473 464 snnt
491 410 569 478 opud
585 410 704 464 Gelliam
718 415 743 475 4,
758 415 775 463 6
794 411 827 463 de
840 411 934 477 porois
946 411 1144 478 praecidaneis

127 490 152 538 et
164 483 343 547 succidaneis,
357 483 406 535 nbi
419 488 535 536 entremo
549 483 581 534 in
593 483 682 549 eapite
691 482 804 550 qnintns
818 481 885 534 liter
896 483 984 549 operis
994 483 1039 535 De
1048 484 1142 550 ponti·

126 555 188 620 finio
207 555 266 608 inre
285 555 362 608 Ateii
379 554 550 621 appellotm·;
573 555 665 620 itaque
683 552 747 606 inde
765 559 791 606 et
810 557 896 606 totnm
916 552 1000 605 Gellii
1017 560 1102 621 capnt
1119 560 1145 608 et

89 678 94 687 ,
126 627 162 692 fn.
174 629 197 679 7.
213 629 231 679 8
244 631 368 693 suscepto
378 640 430 677 esse
445 624 572 677 videntne
586 624 630 692 (ef.
643 624 835 689 Kretesettmer,
850 624 882 676 de
894 622 961 676 Geli.
971 626 1041 690 font.
1047 642 1078 692 p.
1088 627 1141 693 67).

199 746 212 792 1
232 739 353 808 propudi
372 739 413 792 ait
431 739 488 793 eod.
508 737 701 807 propudianus
719 756 760 809 op.
782 755 829 791 em.
849 738 1043 804 Reitzenstein,
1068 739 1142 793 Vere.

126 812 238 866 Fonsett.
252 829 284 879 p.
302 815 340 865 29
429 809 538 880 quiin]
558 808 627 876 quin
717 815 732 862 2
752 808 927 877 plumentum

570 977 619 1034 *9
644 969 691 1058 [5]

193 1103 316 1177 pulcher
333 1103 386 1161 bos
406 1102 577 1178 appellatur
595 1101 634 1158 ad
655 1101 795 1159 eximiam
817 1100 1058 1178 pinguitudinem
1077 1122 1143 1176 per-

127 1191 241 1251 ductus.

199 1291 271 1344 Fest.
286 1308 316 1358 p.
331 1293 413 1355 238b,
428 1294 463 1343 16
480 1304 574 1351 pulcher
586 1320 612 1327 -
626 1303 750 1350 perunctus.
784 1288 816 1342 de
834 1290 915 1343 Ateio
934 1295 1044 1342 anctore
1063 1289 1143 1343 dnbi-

127 1364 184 1415 tnm'
200 1362 249 1416 oin
262 1368 366 1430 potest‚·
384 1361 419 1427 ef.
439 1361 622 1415 Reitzenstein
635 1378 666 1429 p.
681 1363 725 1414 29.

503 1532 544 1587 10
569 1521 706 1608 [Oom'eet.
726 1522 761 1607 3]

195 1652 298 1712 Gallus
317 1653 422 1711 Aelius
445 1653 465 1710 1,
484 1653 515 1711 Π
539 1652 791 1730 significationum
814 1652 980 1726 verborum,
1005 1672 1083 1728 quae
1107 1653 1144 1712 ad

128 1743 175 1800 ius
198 1744 357 1816 pertinent,
381 1744 492 1801 ait-
516 1737 567 1819 [fe.
591 1735 632 1821 5].
674 1745 707 1800 at
731 1741 836 1817 Capito
855 1741 961 1800 Ateius
984 1743 1016 1799 in
1041 1743 1144 1801 eadem

128 1831 248 1907 quidem
267 1834 406 1907 opinione
421 1833 475 1904 est,
495 1831 546 1889 sed
565 1832 699 1905 exemplo
714 1831 837 1889 adiuvat
855 1832 1144 1906 interpretationem.

128 1922 262 1979 eumin
286 1920 441 1979 secunda
469 1920 596 1978 tabula
624 1920 778 1978 secunda
806 1921 884 1996 lege
906 1919 1006 1994 inquit
1029 1923 1144 1996 serip-

106 2012 200 2066 otum
232 2011 285 2068 est
317 2003 461 2087 [2,2S.]
496 2004 600 2084 ‘quid
629 2009 755 2066 horum
784 2008 858 2066 fuit
890 2028 996 2066 unum
1027 2010 1145 2067 iudici

129 2097 315 2157 arbitrove
333 2117 452 2171 reove,
477 2117 514 2156 eo
535 2097 610 2156 dies
630 2097 809 2155 diffensus
829 2091 931 2171 esto'‚
954 2100 1029 2154 tum
1048 2101 1144 2157 uter-

129 2206 194 2261 que
220 2190 321 2245 aotor
347 2204 499 2262 reusque
527 2187 564 2243 in
591 2185 729 2244 iudioio
756 2186 809 2244 rei
836 2189 1013 2244 vocantur
1040 2188 1144 2246 item-

129 2295 195 2350 que
219 2280 408 2336 aoousator
426 2275 467 2334 de
486 2277 545 2334 via
565 2276 659 2334 nitur
682 2295 775 2334 more
794 2278 915 2333 vetere
939 2278 973 2332 et
997 2294 1144 2335 eonsue-

128 2365 252 2423 tudine
276 2367 436 2440 antiqua.

200 2464 273 2517 Fest.
288 2481 320 2532 p.
337 2467 422 2529 27302,
437 2468 472 2519 13
490 2480 553 2517 reus
573 2495 606 2502 -
628 2476 704 2517 annus
718 2475 796 2516 Aenus
809 2494 835 2501 —
849 2475 947 2524 antiqua.

201 2584 216 2629 2
232 2577 431 2647 Capitonaotus
503 2585 520 2631 4
535 2596 598 2632 oum
611 2580 710 2645 scripsi
727 2577 820 2630 Numa
833 2579 890 2631 cod.
909 2593 975 2630 nam
990 2595 1031 2648 op.
1103 2578 1146 2631 in-

129 2649 191 2716 quit
205 2649 344 2704 Hnsetilee:
364 2651 393 2703 in
408 2666 465 2717 qua
537 2656 553 2702 5
573 2650 614 2702 sei
628 2649 696 2716 quid
712 2650 739 2701 h.
754 2648 816 2702 fuat
834 2649 975 2703 Turnebus
1049 2655 1065 2702 6
1085 2649 1145 2702 dies

132 2721 286 2775 Tmnebns:
311 2720 356 2773 die
428 2724 489 2774 tum
507 2722 616 2788 scripsi:
641 2737 714 2773 nuno
788 2726 802 2772 7
827 2722 954 2773 aetorum
976 2719 1093 2787 reiquae
1116 2721 1146 2773 in

129 2791 234 2845 iudicio
253 2808 297 2845 me
316 2795 430 2845 vocatur
453 2793 510 2846 eod.
535 2795 613 2846 actor
634 2806 754 2858 reusque
779 2792 964 2860 (Anpnstinns
982 2789 1054 2845 Seni.
1076 2793 1146 2856 Uest

129 2863 160 2916 in
178 2863 236 2916 iud.
255 2863 297 2918 rei
319 2865 455 2916 vocantur
476 2862 580 2916 OMne.
655 2867 670 2914 8
695 2862 730 2916 de
748 2863 776 2914 vi
795 2862 903 2915 accitur
920 2862 977 2915 eod.
1002 2862 1037 2915 de
1056 2863 1104 2916 via
1123 2880 1144 2916 o.

133 2936 276 2988 Tnenebns
294 2934 363 2988 Seni.
390 2933 448 2987 Ues.
522 2951 595 2987 nuno
613 2936 730 3000 uterque
750 2936 827 2987 actor
845 2935 874 2985 et
893 2932 941 3001 qui
960 2932 990 2984 in
1009 2933 1146 2988 iudicium

130 3008 245 3058 vocatur
263 3005 387 3071 itemque
407 3008 553 3058 aecusator
570 3021 634 3057 reus
652 3004 756 3058 dieitur
775 3006 927 3059 Mommsen

442 3176 482 3230 11
508 3167 568 3251 [De
591 3175 655 3231 imre
677 3174 776 3244 soorif.
798 3167 831 3251 3]

196 3298 306 3355 rutilae
330 3316 416 3356 oanes
440 3297 471 3354 id
496 3301 541 3356 est
563 3317 623 3356 non
646 3299 748 3372 procul
773 3318 790 3357 a
811 3298 899 3355 rubro
921 3299 1019 3356 oolore
1042 3300 1148 3359 immo·

127 3385 241 3460 tantur,
261 3389 297 3444 ut
315 3388 359 3445 ait
374 3386 481 3444 Ateius
497 3385 614 3461 Capito,
633 3388 753 3446 canario
773 3386 917 3446 sacrificio
936 3405 990 3462 pro
1010 3388 1148 3466 frugibus

114 3476 328 3555 deprecandae
352 3480 503 3542 saevitiae
526 3495 619 3540 eausa
640 3475 748 3537 inieris
768 3475 925 3534 annaniae.

176 3583 259 3642 Fesst.
273 3604 310 3659 p.
332 3590 424 3659 285⁶,
443 3591 481 3644 31
503 3600 591 3642 rutilae
604 3615 631 3624 -
646 3591 776 3636 eumeuii.
