2422 3840
138 142 206 206 410
287 140 494 195 Grammaticus
512 139 615 196 estatis
633 137 825 193 Varronianus
843 138 1002 206 fragmenta

138 310 391 386 interpellaretur,
404 327 529 386 seroque
548 307 670 366 tandem
683 307 851 383 ingressum
865 306 1030 364 triclinium
1045 305 1156 364 dixisse

112 411 199 458 onon
231 417 318 474 saepe
351 400 383 456 in
416 397 569 456 scribendo
602 399 697 473 magis
731 395 788 454 sibi
821 396 1003 454 successisse.
1050 394 1157 453 deinde

102 561 104 565 ἲ
138 490 279 565 rogatum
297 490 332 545 ut
350 487 462 562 scripta
480 487 534 545 illa
558 487 712 562 proferret,
735 485 943 560 pronuntiasse
966 501 1078 558 versus,
1104 484 1158 559 qui

138 579 208 636 sunt
235 579 267 635 in
299 576 638 635 Heautontimorumeno
667 568 778 654 [723]:
811 568 901 633 ‘setis
929 573 979 649 pol
1016 575 1156 648 proterve

138 686 186 725 me
211 665 280 741 Syri
302 667 449 741 promissa
471 665 531 723 huo
553 658 757 723 induxerunt'.

138 827 140 832 Α
209 765 281 820 Suet.
296 766 343 819 vit.
360 765 419 818 Ter.
431 780 461 832 p.
477 767 511 818 31
520 765 555 819 R.
578 777 653 826 Nepos
666 777 850 816 -indnxerunt
882 761 917 827 cf.
938 762 1026 815 Varro
1045 761 1081 827 fr
1093 738 1155 832 301}⁸

137 835 243 892 Santra
257 836 294 902 fr.
310 839 352 889 13.

97 1004 98 1010 χ
212 949 225 995 1
255 944 369 996 auctore
397 941 470 1024 eerio
495 942 592 1024 Repete.
711 945 726 992 3
755 956 785 994 ee
807 947 872 1024 poet
899 955 935 993 ne
963 939 1028 992 add.
1049 939 1158 994 Ritse'tl

138 1012 358 1082 tinterpellaret
368 1015 404 1080 A,
414 1014 521 1068 Retsetl
534 1011 763 1083 mterpolleretur
773 1013 870 1082 nepot.
882 1010 963 1079 -pell-
973 1011 1030 1065 rell.
1082 1025 1157 1064 sero·

139 1095 194 1152 que
213 1087 241 1140 A
260 1085 347 1139 serius
366 1086 423 1140 rell.
496 1085 654 1154 ingressum
672 1086 699 1137 A
719 1094 778 1136 -eus
797 1084 854 1137 rell.

471 1255 514 1312 12
537 1249 573 1328 [2
595 1253 642 1312 ne
663 1253 725 1310 oeta
750 1245 821 1331 oo]

204 1379 296 1438 refert
334 1378 488 1438 Cornelius
522 1377 622 1452 Nepos
660 1395 690 1434 se
726 1380 882 1451 praesente
918 1376 1024 1435 iisdem
1061 1395 1156 1451 paene

138 1468 245 1542 verbis,
265 1468 372 1543 quibus
392 1466 472 1526 edita
492 1469 554 1539 est,
565 1485 630 1523 eam
649 1484 703 1540 pro
720 1465 856 1525 Cornelio
875 1465 1015 1524 seditioso
1034 1464 1156 1523 tribuno

138 1557 338 1616 defensionem
361 1559 539 1632 peroratam.

209 1656 325 1710 Hieron.
353 1662 448 1710 eontra
479 1656 579 1709 Ionon.
612 1654 747 1708 Hierosol.
773 1656 807 1707 12
838 1655 875 1721 (2,
889 1657 943 1708 419
964 1653 1043 1721 Van.)
1090 1667 1160 1707 :erere

138 1727 213 1782 enim
232 1739 347 1781 Cornelius
360 1758 387 1765 -
400 1743 526 1788 peroratam
545 1726 583 1796 [a.
599 1725 731 1796 689J65}

469 1897 510 1952 13
535 1888 593 1973 [16
616 1894 663 1952 De
685 1895 735 1952 iul.
759 1887 827 1971 ein]

137 2019 141 2025 '
205 2019 318 2094 primus
343 2012 393 2097 [L.
415 2014 597 2098 Voltoee'lius]
627 2021 760 2077 omnium
783 2018 998 2091 libertinorum,
1027 2020 1061 2076 ut
1085 2017 1156 2077 (lor-

137 2109 234 2167 nelius
257 2108 357 2183 Nepos
386 2109 540 2183 opinatur,
569 2108 694 2166 seribere
721 2107 878 2166 historiam
902 2125 985 2167 orsus
1013 2126 1073 2165 non
1096 2109 1157 2166 nisi

139 2197 175 2256 ab
199 2199 407 2256 honestissimo
433 2216 549 2272 quoque
573 2196 661 2255 scribi
685 2197 806 2258 solitam
830 2196 868 2254 ad
890 2196 922 2254 id
944 2199 1070 2270 tempus.
1131 2252 1152 2259 ,,

209 2296 281 2350 Suel.
302 2297 334 2350 (le
351 2297 416 2350 rhet.
433 2299 450 2348 3
468 2311 552 2358 primus
566 2327 593 2334 -
607 2313 699 2358 tempus.

579 2476 621 2531 re
644 2467 716 2552 [re]

206 2596 359 2656 Cornelius
381 2598 482 2672 Nepos
509 2598 624 2672 libelle,
655 2616 714 2672 quo
738 2597 897 2674 distinguit
924 2598 1092 2656 litteratum
1117 2598 1155 2656 ab

138 2686 267 2760 erudito,
300 2687 450 2746 litteratos
480 2688 571 2764 vulgo
601 2686 721 2762 quidem
754 2687 902 2763 appellari
931 2687 975 2744 ait
1005 2705 1068 2759 eos,
1102 2688 1155 2762 qui

138 2775 255 2850 aliquid
278 2775 437 2852 diligenter
465 2778 495 2834 et
517 2779 604 2834 aeute
628 2777 812 2851 scienterque
842 2776 957 2851 possint
980 2779 1033 2833 aut
1056 2775 1155 2834 dicere

138 2867 192 2923 aut
221 2863 356 2939 seribere,
390 2868 519 2934 ceterum
549 2865 669 2940 proprie
699 2867 741 2923 sie
771 2864 964 2940 appellandos
996 2868 1156 2938 poetarum

110 2954 325 3028 sinterpreteS,
347 2954 437 3029 quia
462 2953 582 3013 Graecis
605 2955 794 3030 grammatiei
816 2954 1013 3012 nominentur.

171 3057 173 3061 ’
209 3061 281 3114 Suet.
300 3061 332 3113 de
350 3065 496 3130 prooem
516 3060 669 3129 appellatio
693 3060 939 3130 grammaticorum
959 3059 1065 3114 Graeca
1088 3078 1156 3115 oon-

137 3131 286 3185 suetudine
300 3131 429 3197 invaluit,
448 3131 496 3185 sed
511 3131 593 3185 initio
608 3132 728 3186 litterati
742 3131 921 3186 vocabantur.
956 3144 1070 3186 sommus
1085 3134 1155 3199 quo'-

137 3219 192 3269 que
210 3217 325 3264 Nepos-
338 3217 487 3257 nominentur.
521 3204 555 3268 cs.
578 3203 700 3258 Orbilius
717 3205 793 3269 15¹2.
829 3203 911 3256 Mess.
934 3203 1009 3257 0οη]-
1028 3204 1065 3268 fr.
1082 3209 1106 3256 5.

209 3328 240 3380 e'u
254 3327 322 3381 libro
334 3329 379 3381 De
393 3327 455 3382 duo.
468 3345 538 3381 uem.
554 3328 649 3395 (OGK
660 3328 685 3379 V
697 3332 761 3392 576,
772 3331 808 3381 12
822 3327 946 3380 culmum
960 3326 1071 3396 generis
1085 3345 1156 3382 neu-

136 3398 183 3464 tri,
202 3400 235 3451 ut
248 3397 343 3467 Nepos
357 3398 427 3468 vult)
443 3400 530 3452 alium
544 3400 675 3467 Nepotem
689 3399 799 3453 Donati
812 3400 990 3467 interpretem,
1007 3399 1056 3466 qui
1070 3407 1109 3453 est
1123 3402 1155 3454 in

126 3477 280 3527 commento
302 3470 389 3540 Boo,
419 3470 492 3542 quod
515 3473 626 3526 accuset
647 3471 695 3539 (ad
714 3470 787 3524 Deo.
808 3474 919 3538 12388,
935 3474 959 3522 7.
985 3472 1038 3538 13),
1066 3472 1155 3541 sipul-

110 3541 234 3606 fieatum
250 3562 309 3601 esee
327 3546 476 3602 commedit
493 3544 653 3603 Sabbodlot
671 3542 766 3611 istest
778 3543 839 3594 ttul.
853 3546 896 3593 11.
912 3544 983 3592 1903
1000 3558 1028 3605 p.
1044 3546 1080 3592 17
1085 3546 1118 3608 η,
1147 3601 1151 3609 Ι
