2422 3840
447 178 477 236 C.
495 178 582 232 Iulius
602 176 704 232 Caesar

424 391 464 445 IN
466 391 609 446 Ouarsa
628 391 729 445 sams
780 409 783 413 ’

486 545 531 603 22
554 537 666 622 [aare]

136 653 260 726 siremps
292 651 412 708 tantum
442 668 496 725 per
528 650 746 708 nominativum
779 652 808 707 et
841 649 1007 708 ablativum
1038 650 1088 707 de·

66 741 210 814 elimatur,
234 739 358 815 siremps
376 741 410 797 ut
429 737 512 797 tabee
532 740 562 797 et
580 739 683 815 pluris,
707 740 744 798 ab
762 739 819 797 hao
837 739 979 814 sirempse
1002 738 1087 813 plure

64 829 152 903 tabe3
190 827 298 887 Caesar
330 837 400 905 ergo
432 829 584 904 siremps
617 828 673 885 lex
705 830 781 886 esto
815 828 919 903 quasi
950 844 1088 886 saoram

64 918 269 978 violaverit
296 917 404 975 dixisse
431 916 670 992 pronuntiandus
699 919 751 990 est,
779 918 838 974 nisi
864 917 950 975 forte.
966 916 1088 991 quidam

66 1005 282 1067 adverbialiter
304 1007 402 1082 legere
424 1006 593 1080 maluerint,
617 1004 754 1064 similiter
776 1005 824 1063 lex
847 1007 918 1063 esto.
1115 1021 1128 1062 s

142 1104 224 1160 Oltam
244 1122 274 1173 1).
296 1109 357 1171 143,
372 1108 407 1159 33
433 1106 477 1171 (=
497 1104 572 1158 Ptin.
592 1104 655 1157 dub.
674 1119 751 1158 sem.
766 1122 797 1173 p.
816 1108 861 1169 28,
875 1107 913 1158 20
926 1105 973 1173 Β.)
996 1117 1089 1165 siremps

68 1209 92 1218 -
108 1192 216 1231 sexanto.
249 1177 284 1242 ef.
305 1177 412 1231 Ritselrl
430 1193 471 1244 op.
491 1179 517 1241 4,
532 1180 611 1243 disq.
644 1175 772 1229 Huschke
790 1175 856 1229 ibid.
871 1193 901 1244 p.
916 1179 959 1229 80.
993 1174 1089 1240 Hertz,

67 1248 171 1302 Phelol.
188 1253 230 1313 11,
241 1251 302 1301 680.
326 1247 363 1300 de
376 1263 437 1302 oooe
449 1244 585 1315 ‘siremps’
596 1246 630 1313 ef.
646 1246 728 1312 Stola,
748 1247 834 1301 Wiea
850 1246 928 1301 Stud.
940 1251 975 1300 13
993 1248 1088 1314 (1891)

63 1337 96 1391 p.
115 1323 215 1388 293sq.
254 1319 297 1373 lau
316 1319 486 1373 Caesariana
504 1319 619 1384 fortusse
637 1319 789 1385 respicitur.

144 1423 158 1470 1
178 1414 334 1468 ablativum
355 1415 435 1469 Olor.
446 1433 476 1485 p.
493 1419 596 1482 93,24.·
615 1415 772 1469 vocativum
854 1421 870 1468 3
890 1431 1003 1469 oaesare
1022 1431 1089 1483 ergo

69 1487 195 1555 Sirempe
209 1487 266 1542 oud.
278 1485 379 1540 Caesar
393 1485 428 1540 de
443 1485 575 1556 analogia
590 1486 707 1555 siremps
718 1518 751 1526 —
765 1485 837 1539 dixit
851 1503 901 1555 pro
916 1485 1089 1540 nominativo

69 1575 140 1626 esse,
159 1557 216 1611 nisi
234 1558 341 1612 Riteohl

482 1693 526 1749 30
590 1693 659 1749 ,19

137 1798 178 1857 Μ.
202 1797 320 1856 Tullius
352 1791 388 1875 [I
390 1789 434 1857 Vl
451 1815 483 1870 p.
500 1684 831 1875 MlpOFllfMueller]
864 1800 894 1856 et
927 1795 957 1854 O.
982 1795 1091 1856 Caesar

69 1888 192 1947 mordeo
210 1886 357 1945 memordi
374 1905 475 1962 pungo
496 1887 608 1963 pepugi
626 1886 756 1962 spondeo
775 1885 920 1962 spopondi
943 1886 1089 1944 dixerunt.

145 1985 214 2042 Gall.
230 1990 256 2051 6,
269 1989 296 2050 9,
307 1989 341 2038 15
359 1984 401 2038 sio
419 1998 449 2038 Μ.
459 1998 546 2038 narnus
561 2015 585 2024 -
600 1999 713 2042 uxorum
745 1984 780 2050 es.
802 1984 887 2039 Gellii
904 1991 990 2039 torrem
1008 1991 1092 2053 eaput

71 2063 98 2112 et
118 2057 198 2113 ono.
213 2074 243 2126 p.
258 2059 322 2122 225,
334 2061 359 2109 4.
378 2059 444 2121 ere,
458 2059 484 2110 2.
518 2056 611 2110 Dion.
627 2074 657 2125 p.
673 2060 735 2122 367,
745 2061 790 2110 30.
822 2057 910 2111 Prae.
927 2073 956 2124 p.
972 2059 1089 2121 526,14.

71 2129 182 2184 iniuria
209 2129 308 2197 opinor
334 2127 400 2181 hoec
425 2127 526 2181 Lersot
553 2132 578 2181 et
603 2128 724 2181 Kuedler
749 2127 818 2183 libro
841 2128 880 2180 ΙΙ
901 2127 933 2181 da
958 2126 1092 2196 oaolopia

72 2201 236 2264 uitauerat,
254 2215 316 2252 eune
334 2198 415 2252 iuxta
431 2198 573 2252 Caesarem
589 2198 681 2252 Cicero
699 2199 742 2253 eil.
778 2199 810 2253 de
828 2198 1091 2253 hacconsuetudine

71 2272 107 2338 ot.
122 2287 177 2340 pro
196 2270 257 2325 See.
276 2270 356 2324 Reae.
372 2273 415 2326 60.

365 2422 406 2477 er
432 2413 539 2497 [nen
555 2437 588 2492 p.
609 2422 720 2489 aeae
742 2413 795 2498 2.]

74 2531 114 2586 tu
142 2546 282 2603 quoque
309 2529 349 2584 tu
376 2527 412 2583 in
440 2529 598 2600 summis,
628 2546 645 2585 o
673 2526 863 2585 dimidiato
891 2526 1092 2600 Menander,

74 2616 220 2693 poneris
244 2618 279 2674 et
301 2615 443 2688 merito,
466 2618 548 2690 puri
571 2616 747 2674 sermonis
770 2617 915 2674 amator.

47 2741 50 2745 ,
74 2706 218 2764 lenibus
242 2707 349 2779 atque
373 2705 512 2762 utinam
536 2704 685 2778 seriptis
709 2704 882 2763 adiunota
905 2705 1001 2763 foret
1023 2705 1092 2777 vis,

74 2793 209 2854 uomica
232 2796 271 2851 ut
294 2795 448 2867 aequato
471 2793 591 2851 virtus
614 2793 770 2869 polleret
793 2794 924 2852 honore

75 2881 331 2955 cumGraecis,
355 2901 442 2940 neve
465 2881 530 2941 hae
553 2881 742 2958 despectus
764 2886 868 2957 parte
891 2883 1047 2941 iaceres!
1121 2903 1133 2942 s

75 2992 181 3030 unum
207 2971 273 3030 hoo
299 2989 458 3029 maceror
486 2989 525 3030 ao
547 2971 650 3030 doleo
678 2971 748 3029 tibi
775 2971 910 3046 deesse,
941 2972 1091 3030 Terenti.

147 3069 371 3125 2222212.
393 3086 424 3138 p.
444 3073 479 3122 34
493 3069 528 3123 R.
573 3068 669 3124 Gioero
692 3070 722 3123 in
745 3069 861 3124 Limone
886 3069 986 3140 [121]
1024 3069 1093 3124 item

75 3141 105 3196 (l.
120 3139 234 3195 Caesar:
254 3160 279 3194 tu
293 3165 381 3203 quoque
395 3171 422 3179 -
435 3153 530 3194 Terenti.

134 3242 163 3290 '5
183 3253 252 3292 neve
272 3238 357 3293 Roth:
380 3253 471 3306 neque

147 3379 235 3416 22222
248 3368 333 3417 restat
344 3362 444 3433 [rupen.
457 3363 544 3431 Capri
556 3365 623 3418 orth.
634 3381 664 3432 p.
677 3368 736 3429 101,
747 3367 791 3429 17,
810 3363 881 3431 quod
895 3382 914 3417 2
927 3365 984 3418 eolo
994 3363 1094 3418 Lersclr

75 3434 255 3506 pramneatioo
281 3435 409 3489 Caesaris
436 3434 505 3489 libro
530 3439 624 3489 temere
652 3435 822 3503 ademptura
847 3441 887 3489 eet
912 3435 958 3502 (of.
985 3434 1095 3488 Sollius

71 3506 174 3575 1220).
213 3521 302 3574 nuper
319 3506 375 3560 duo
392 3505 428 3571 fr.
453 3506 519 3574 (Gir.
539 3507 621 3563 Brut.
637 3510 700 3564 258.
736 3507 814 3563 Plio.
831 3507 905 3561 nli.
920 3507 1036 3571 'mm
1061 3503 1115 3554 od.-

76 3577 151 3630 dida't
163 3575 355 3630 Hendriclreon
366 3594 398 3647 p.
415 3581 525 3650 Ildeq„
544 3598 586 3637 22
604 3588 677 3641 reete
695 3582 809 3640 dubito.
