2422 3840
274 200 309 240 οι
326 185 424 240 nora.
442 142 497 239 ina.
516 184 579 239 uer.
618 182 868 253 calamensem
1023 181 1087 245 119

63 355 294 432 impressionem
315 355 443 428 fecisset,
473 347 636 432 [Curtium]
660 355 692 410 in
715 354 814 411 locum
836 351 1011 427 palustrem,
1036 352 1088 427 qui

64 448 134 504 tum
155 445 219 503 fuit
236 443 268 503 in
286 445 353 502 foro
376 446 445 502 ante
464 462 556 519 quam
579 443 697 502 cloacae
716 444 786 500 sunt
803 442 910 515 factae,
936 442 1117 500 accessisses

65 537 159 610 atque
193 532 231 592 ad
263 550 331 592 suos
363 534 395 590 in
429 530 611 608 Capitolium
646 533 799 607 recepisse.
850 529 888 588 ab
921 549 954 589 eo
989 530 1088 588 lacum

64 623 219 682 invenisse
242 640 359 680 nomen.
851 617 855 626 '

146 722 236 776 Varro
259 720 291 774 dc
314 721 331 773 l.
351 719 385 774 L.
406 723 504 786 5,148
528 736 545 773 a
567 717 688 773 Procilio
711 717 832 772 relatum
856 718 955 788 [sr.1].
989 731 1040 771 raso
1055 749 1088 756 -

64 817 155 847 nomen
189 789 334 846 Cornelius
352 791 446 862 [quic.
462 790 491 862 3]
511 792 540 845 et
557 789 688 844 Lutatius
707 790 779 861 [Oct.
795 789 832 860 4].

140 879 306 934 4Curtium
324 881 383 934 secl.
403 879 486 949 Asp.
566 879 672 933 lacum:
692 897 739 934 em.
760 879 865 933 Laetos
952 878 1090 948 crecop]

68 951 217 1007 recessisse
235 952 306 1007 ccci.
325 951 406 1020 LSp.

136 1175 228 1233 tertia
253 1167 369 1252 [porto]
395 1176 440 1232 est
462 1172 605 1246 Ianualis,
634 1172 715 1231 dicta
738 1172 775 1230 ab
799 1172 882 1247 Iano,
906 1175 936 1230 et
958 1170 1026 1229 ideo
1048 1171 1091 1228 ibi

68 1264 204 1338 positum
216 1263 286 1321 Iani
301 1264 421 1341 signum
435 1263 525 1321 etius
544 1262 718 1320 institutum
732 1281 749 1319 a
763 1260 921 1336 Pompilio,
940 1263 974 1318 ut
988 1259 1092 1319 scribit

68 1353 101 1410 in
124 1351 284 1411 annalibus
306 1350 385 1426 Piae,
409 1354 444 1409 ut
467 1352 507 1410 sit
530 1353 633 1427 aperta
657 1369 780 1426 semper,
809 1351 867 1408 nisi
891 1367 957 1407 cum
980 1349 1092 1406 bellum

68 1443 111 1500 ait
134 1458 292 1517 nusquam.

148 1541 238 1594 Varro
256 1539 289 1593 de
308 1539 324 1593 l.
344 1539 379 1592 L.
395 1543 421 1605 5,
437 1543 490 1593 165
509 1553 576 1593 tertia
590 1570 616 1576 -
629 1563 746 1600 nusquam.

533 1674 554 1730 3
595 1675 613 1728 1

137 1777 232 1837 Italia
254 1796 273 1837 a
295 1777 409 1852 vitulis,
431 1781 467 1836 ut
490 1664 594 1837 scribit
615 1665 695 1838 ]Piso.

147 1875 239 1932 Varro
256 1895 280 1932 r.
297 1895 321 1932 r.
339 1881 440 1946 2,1‚9
466 1875 588 1945 denique
606 1890 719 1930 lama-
730 1890 787 1930 uaso.
816 1875 851 1941 cf.
872 1876 960 1930 Varro
978 1877 1013 1944 fr.
1031 1880 1093 1930 125.

525 2031 544 2086 4
585 2028 627 2085 45

140 2134 307 2193 novensiles
339 2133 410 2194 Piso
441 2133 511 2193 deos
544 2020 606 2192 eabe
628 2021 735 2192 bredit
771 2153 878 2192 novem
910 2134 942 2190 in
976 2132 1095 2192 Sabinis

69 2222 154 2299 apud
179 2223 317 2282 Trebiam
340 2224 527 2282 constitutos.

146 2322 251 2377 Amob.
271 2325 297 2389 3,
311 2325 348 2376 38
366 2335 492 2376 novensiles
507 2353 540 2361 —
555 2336 693 2375 constitutos.
726 2321 760 2388 cf.
781 2321 841 2375 Ael.
861 2321 929 2375 Stilo
947 2320 984 2386 fr.
999 2324 1044 2375 22.

528 2453 547 2513 5
588 2457 628 2512 44

141 2561 213 2622 Piso
236 2561 408 2619 Pilumnum
431 2560 544 2619 dictum
568 2446 641 2635 aluisi
661 2560 756 2635 pellat
778 2560 859 2618 mala
882 2561 1036 2617 infantiae.

146 2660 221 2716 Sem.
238 2660 316 2715 Dim.
336 2661 406 2714 Aen.
427 2664 470 2726 10,
486 2663 522 2714 76
539 2659 629 2713 Varro
648 2659 696 2730 [fr.
712 2658 788 2728 376].
820 2673 871 2712 Piso
887 2690 919 2698 —
934 2673 1051 2712 infantiae.

528 2795 547 2850 6
572 2785 642 2870 [43]

143 2898 214 2959 Piso
245 2901 289 2958 ait
318 2899 445 2959 vitulam
477 2900 636 2957 uictoriam
667 2898 829 2971 nomina1i3
862 2900 946 2956 cuius
970 2898 1013 2956 rei
1040 2899 1096 2957 hoc

73 2991 287 3067 argumentum
308 2990 432 3064 profert,
460 2987 539 3062 quod
561 2986 707 3062 postridie
731 2995 825 3046 nonas
848 2986 942 3046 Iulias
966 3006 997 3046 re
1021 2987 1096 3046 bene

74 3081 172 3157 gesta,
202 3097 270 3137 cum
292 3077 389 3153 pridie
412 3077 541 3152 populus
564 3095 582 3133 a
607 3076 710 3133 Tuscis
734 3075 765 3132 in
788 3076 893 3152 fugam
920 3095 1023 3135 versus
1047 3079 1096 3149 sit,

75 3167 156 3226 unde
174 3166 367 3245 populifugia
390 3169 545 3239 vocantur,
568 3167 636 3240 post
655 3165 812 3223 victoriam
831 3164 919 3223 certis
943 3165 1096 3224 sacrificiis

74 3257 131 3315 fiat
153 3255 304 3315 vitulatio.

149 3355 274 3410 Maerob.
294 3357 320 3420 3,
334 3357 361 3421 2,
378 3359 411 3408 14
429 3367 481 3407 Piso
496 3384 529 3392 -
544 3367 655 3406 namatio.
689 3351 805 3418 quidam
828 3367 930 3404 nomen
954 3351 1013 3405 cius
1039 3352 1099 3404 ani-

75 3426 253 3564 rfpadlvgagsum
270 3428 383 3494 putant,
402 3425 478 3492 quod
495 3426 595 3493 potens
613 3424 650 3476 sit
664 3422 739 3476 vitae
753 3421 925 3476 tolerandae.
954 3424 989 3488 cf.
1010 3423 1098 3476 Varro

150 3593 164 3640 1
179 3602 253 3652 poso
