2422 3840
124 216 191 283 370
272 216 477 271 Grammaticos
497 216 598 271 aetatis
617 215 809 270 varronianae
827 215 986 285 fragmenta

596 385 660 443 458

190 495 317 553 valvae
341 498 424 552 sunt
448 525 489 532 —
514 511 604 567 quaa
627 494 866 551 revolvuntur
889 497 982 550 etse
1005 493 1140 553 velant.

193 593 266 648 Sero.
298 593 368 645 Aeo.
397 596 422 656 1,
454 594 508 644 449
543 606 623 645 vavae
655 592 750 643 autem
781 607 843 655 sunt,
875 594 908 643 ut
939 590 1010 644 dioit
1041 591 1142 660 Varro,

123 689 180 726 quae
193 695 220 704 -
233 678 314 718 veiam.

595 760 659 817 459

189 867 315 926 Plautus
337 868 370 924 in
392 867 598 925 Faeneratrioe
627 859 660 944 [1
675 860 742 944 L.]:
773 860 855 924 ‘heus
879 871 921 941 tu,
944 866 976 925 in
999 867 1143 927 barbaria

124 957 203 1033 quod
224 956 331 1016 dixisse
355 955 464 1014 dieitur
483 947 498 1033 s
519 955 643 1013 libertus
667 973 737 1013 suae
760 959 914 1031 patronae,
937 955 968 1013 id
992 975 1047 1032 ego
1070 957 1140 1016 dioo

123 1041 234 1124 <tibi>t
246 1040 259 1122 l
271 1041 431 1104 “Libertas
450 1045 540 1120 salve,
564 1044 675 1119 vapula
693 1039 847 1119 Papiria’'.
884 1047 917 1102 in
934 1045 1075 1104 barbaria
1094 1051 1144 1106 est

122 1138 154 1192 in
177 1136 275 1194 Italia.
321 1134 424 1193 Aelius
449 1128 500 1212 [ss.
518 1127 572 1212 44]
602 1133 658 1191 hoo
687 1133 753 1191 loeo
780 1133 892 1208 vapula
918 1136 1051 1209 positum
1076 1154 1142 1195 esse

96 1227 167 1282 oait
188 1243 243 1301 pro
267 1224 343 1297 dole,
366 1223 462 1282 Varro
485 1241 539 1298 pro
562 1224 628 1298 peri
650 1225 726 1280 teste
745 1222 884 1281 Terentio
906 1224 939 1280 in
959 1222 1142 1284 Phormione

124 1308 231 1394 [849]:
259 1308 333 1370 ‘uon
356 1309 501 1389 <manes?
512 1305 526 1392 s
537 1312 657 1386 vapula.
703 1310 736 1368 id
758 1311 879 1386 quidem
905 1311 963 1370 tibi
988 1315 1050 1371 iam
1078 1313 1142 1390 fiet,

122 1398 202 1481 nisi>
214 1403 329 1461 resistis
343 1395 485 1461 verbero'.
516 1404 546 1458 et
559 1399 685 1458 Plautus
698 1402 729 1457 iu
746 1399 921 1458 Curculione
937 1394 1047 1481 [566]:
1063 1397 1139 1461 ‘red-

124 1493 228 1551 dinan
246 1511 306 1550 non
319 1491 474 1549 mulierem
486 1483 499 1568 s
509 1491 601 1565 prius,
617 1509 707 1563 quam
725 1492 755 1546 te
774 1490 843 1548 huia
861 1509 944 1549 meae
963 1492 1141 1552 machaerae

124 1582 229 1655 obicio,
251 1577 413 1657 mastigia?
429 1574 443 1658 s
459 1577 602 1653 vapulare
626 1597 680 1655 ego
704 1583 734 1636 te
756 1579 945 1637 vehementer
971 1580 1071 1655 iubeo,
1101 1601 1141 1641 ne

82 1687 108 1726 ro
122 1690 169 1729 me
192 1663 330 1730 territes'.

194 1769 267 1823 Fert.
283 1786 314 1836 p.
334 1770 415 1833 372b,
428 1772 465 1821 27
485 1765 604 1834 ‘vapula
623 1765 752 1834 Papiria'
776 1767 806 1820 in
824 1766 970 1834 proverbio
989 1766 1045 1821 fuit
1065 1769 1141 1822 anti·

123 1841 185 1908 quis
205 1872 246 1892 —.
271 1854 363 1892 Plausus
376 1870 402 1877 -
416 1863 451 1892 mo
465 1852 557 1891 seruus.
581 1839 615 1903 of.
635 1837 713 1891 Sion.
735 1838 800 1906 Cap.
820 1839 856 1904 fir.
871 1842 916 1892 22.
940 1855 980 1892 aa
998 1855 1032 1892 ex
1050 1841 1142 1894 Plou-

122 1915 188 1967 tias's
206 1908 428 1980 quaestionibus?

194 2025 209 2072 2
230 2017 333 2072 dixisse
356 2033 410 2087 op:
434 2015 534 2069 fecisse
624 2015 654 2067 id
677 2031 710 2068 eo
730 2015 792 2068 dico
812 2033 873 2070 oum
890 2018 981 2084 spatio
999 2018 1141 2072 oods'em.

123 2091 193 2145 Scol.
285 2087 426 2141 3liberta
517 2093 624 2140 onum
647 2090 678 2139 tu
705 2128 924 2140 .........
948 2088 1055 2141 resistis
1078 2105 1142 2143 ver·

122 2161 200 2216 bero:
221 2178 268 2215 om.
288 2166 314 2214 rt
329 2160 419 2227 suppl.
436 2175 469 2212 ex
491 2160 549 2212 Ter.

596 2275 659 2331 460

189 2382 383 2456 vestibulum,
415 2385 451 2439 at
477 2380 573 2439 Varro
606 2380 692 2454 dioit,
726 2380 924 2456 etymologiae
956 2399 1016 2439 non
1042 2381 1141 2456 ¹habet

123 2473 344 2548 proprietatem,
364 2470 414 2528 sed
432 2469 468 2527 fit
485 2489 539 2544 pro
554 2473 645 2544 captu
663 2469 789 2544 ingenii3
808 2488 878 2527 uam
897 2469 1079 2528 vestibulum
1094 2503 1141 2512 -

123 2561 235 2619 dietum
259 2560 296 2618 ab
320 2578 364 2634 eo,
387 2558 465 2634 quod
488 2560 611 2616 ianuam
634 2559 751 2616 vestiat.

138 2667 141 2673 '
194 2659 267 2714 Sero.
287 2660 356 2712 Aeo.
372 2662 397 2723 6,
411 2661 468 2710 273
491 2671 842 2721 venatuum—uvassouium,
860 2659 893 2709 ut
911 2673 995 2725 supra
1017 2658 1055 2739 [2,
1071 2659 1138 2730 469]

123 2730 252 2796 diximus,
271 2744 355 2782 dicum
369 2761 395 2767 —
409 2743 494 2782 vestias
520 2727 570 2780 alii
584 2727 683 2780 dieunt
696 2744 713 2780 a
727 2727 813 2781 Vesta
828 2727 935 2780 dietum
951 2745 1002 2796 per
1015 2730 1141 2782 inminu-

121 2802 240 2866 tionem,
260 2817 326 2852 nam
340 2799 442 2853 Vestae
461 2799 547 2852 limen
566 2801 608 2852 est
627 2801 826 2852 consecratum.
856 2799 905 2852 alii
925 2800 1022 2853 dicunt
1042 2801 1077 2853 ab
1097 2817 1139 2868 eo,

123 2873 198 2940 quod
216 2870 310 2924 nullus
329 2870 389 2924 illio
407 2872 474 2936 stet;
493 2871 523 2922 in
541 2869 638 2922 limine
654 2871 732 2923 onim
750 2870 826 2924 solus
845 2872 887 2923 est
901 2872 1049 2925 transitus:
1070 2888 1138 2938 quo·

122 2945 206 2997 modo
224 2958 342 2996 vesanus
362 2941 466 2995 dieitur
483 2958 539 2994 non
558 2957 650 3007 sanus,
670 2941 709 2994 sio
728 2942 897 2995 vestibulum
912 2943 992 3010 quasi
1010 2960 1067 2997 non
1082 2946 1140 2996 sta-

122 3014 227 3067 bulum.
257 3015 291 3080 os.
314 3013 380 3067 Geli.
402 3017 444 3079 16,
463 3017 488 3066 5.
523 3015 646 3067 Macrob.
668 3017 693 3078 6,
709 3017 735 3078 8,
751 3018 829 3082 qu.
863 3015 1138 3082 Prisop.124,10.

122 3085 192 3140 istd.
211 3102 249 3139 or.
265 3089 309 3150 15,
325 3089 349 3150 7,
363 3087 382 3137 2
401 3087 438 3153 (a,
454 3089 496 3150 11,
511 3087 563 3152 or).
585 3083 670 3138 oea
695 3084 757 3137 VH
770 3089 831 3138 roo.

596 3237 659 3293 461

189 3344 237 3400 vir
258 3345 448 3416 nuncupatus
476 3345 534 3415 est,
564 3341 643 3417 quod
666 3342 761 3400 maior
775 3342 820 3398 'in
848 3361 882 3400 eo
906 3344 950 3400 vis
979 3345 1024 3401 est
1047 3361 1138 3417 quam

116 3433 151 3509 izi
174 3431 295 3506 femina,
320 3434 351 3490 et
372 3430 442 3489 hino
464 3430 561 3488 virtus
585 3450 691 3490 nomen
715 3431 842 3506 aooepit3
870 3431 943 3490 item
964 3431 1081 3506 mulier,
1104 3436 1141 3490 ut

109 3517 211 3580 Varro,
222 3521 458 3602 iuterpretatur,
481 3543 498 3584 a
522 3522 655 3583 mollitie
671 3523 826 3588 inmutata
842 3524 873 3579 et
890 3520 1023 3577 seusus
1035 3521 1141 3579 i'ittera

85 3608 175 3668 velut
196 3614 335 3676 mollier.
